3325 5159
616 601 692 660 curo
705 612 810 669 uuus,
830 612 934 673 xri-xv,
948 603 1041 660 tait.
1303 595 1354 659 tls

299 739 596 802 impudicissime.
609 753 633 789 v.
645 744 748 798 aenaim,
761 746 850 790 censet
863 739 939 789 rerba
953 739 1029 789 «sine
1040 751 1118 790 sensu
1133 758 1143 781 ι
1156 738 1354 790 uetustissimum
1438 749 1442 754 ·

272 832 275 837 '
298 827 426 891 glossenm
434 828 462 877 io
473 835 569 878 textum
582 827 725 891 irrepsisse.

328 916 381 976 llll,
394 915 457 980 §aa
476 915 536 967 Voc.
549 917 681 981 uoiuptotia
693 916 754 966 milti
768 916 869 967 uidetur
884 916 1024 974 abundare,
1035 916 1102 966 inter
1113 917 1182 965 culus
1194 923 1221 966 et
1232 917 1317 977 uoidoe,
1329 918 1354 967 ld

297 1005 402 1055 seclusit
409 1005 500 1055 Baiter.
513 1004 539 1053 in
547 1005 588 1056 ed.
599 1005 668 1068 Lips.
677 1032 706 1042 -
718 1006 730 1067 ξ
741 1005 780 1055 lo.
795 1003 864 1056 ldem
872 1017 966 1055 censeo
973 1003 1006 1054 de
1013 1004 1099 1054 verbis
1112 1005 1180 1055 «nisi
1188 1005 1323 1068 uoluptatis
1332 1021 1353 1054 ι.

299 1119 329 1128 -
340 1094 352 1155 5
363 1094 402 1143 ll.
418 1115 428 1136 ι
442 1093 524 1158 Neque
534 1092 601 1143 euim
617 1093 731 1144 »melius
742 1094 892 1145 conueniret
903 1106 960 1143 cum
974 1114 984 1136 «
999 1106 1082 1157 neque
1098 1093 1201 1144 omnino
1215 1114 1236 1142 »0
1249 1120 1275 1131 -
1290 1093 1353 1154 §le

300 1181 456 1232 Alienoloco
467 1182 547 1244 posim
560 1182 660 1232 ridetur
678 1182 820 1232 sententia:
842 1183 972 1246 «impedit
991 1182 1060 1233 enim
1079 1182 1212 1233 consilium
1231 1182 1355 1245 uoluptas,

298 1271 388 1321 rationi
400 1270 501 1321 inimica
512 1276 560 1329 est,
573 1272 674 1332 mentis,
687 1279 716 1322 ut
727 1273 760 1321 ita
768 1272 860 1334 dicam,
870 1272 1022 1336 prestringit
1030 1273 1127 1333 oeulos,
1137 1285 1184 1323 nec
1193 1272 1269 1322 habet
1277 1272 1353 1322 ullum

298 1371 356 1408 cum
367 1360 460 1409 virtute
471 1360 650 1410 commercium
661 1380 682 1408 r.
694 1360 755 1410 Post
765 1362 914 1425 grauissima
927 1361 1041 1425 Archytae
1049 1361 1124 1410 uerba
1133 1370 1158 1411 et
1165 1360 1354 1411 conclusionem

298 1461 372 1511 quam
384 1448 444 1499 iude
454 1449 551 1499 Tollius
563 1449 648 1511 trahit,
661 1449 786 1500 minorem
796 1450 973 1500 auctoritatem
981 1450 1034 1500 uec
1045 1450 1171 1500 sermonis
1182 1460 1278 1499 summa
1292 1461 1353 1512 prae·

297 1544 355 1589 stat.
369 1538 499 1601 aptiorem
510 1538 603 1597 locum,
614 1538 641 1587 ni
652 1536 734 1598 fallor,
746 1538 875 1589 obtineret
891 1539 923 1597 sl,
934 1552 991 1587 cum
1003 1538 1035 1587 iis
1046 1550 1101 1601 quae
1119 1544 1259 1601 sequuntur
1275 1549 1355 1601 usqne

298 1627 330 1676 ad
343 1639 413 1677 uoce.
428 1626 546 1689 «imperii
558 1626 702 1688 dedecus»,
716 1626 742 1675 in
755 1625 804 1677 line
817 1626 830 1691 ἓ
844 1626 1022 1689 relegeretur,
1036 1632 1093 1689 post
1107 1625 1237 1688 «optimus
1248 1626 1355 1689 quisque

238 1750 241 1755 -
299 1722 450 1778 sequemini*
464 1735 483 1762 s,

331 1802 395 1861 lilii,
408 1804 420 1866 ξ
431 1803 470 1853 ll,
487 1804 584 1854 Verba:
599 1804 687 1867 «quod
699 1816 728 1853 ea
744 1801 863 1853 videlicet
874 1803 991 1854 homiues
1001 1804 1131 1866 capiamur
1143 1810 1171 1853 ιιι
1183 1804 1285 1866 pisces·
1300 1811 1357 1853 mee

300 1891 350 1943 rito
360 1893 515 1944 Valckenaer
527 1906 573 1957 pro
583 1893 677 1956 spuriis
690 1893 808 1943 habebat.

330 1982 393 2041 xlv,
405 1984 418 2045 fi
428 1983 467 2033 lo.
485 1983 597 2033 Geminae
607 1982 793 2033 enunciatiouis
805 1981 939 2046 vestigium
953 1981 1066 2044 reperire.
1078 1980 1141 2031 milri
1149 1981 1236 2031 uideor
1244 1979 1268 2030 ln
1278 1981 1356 2052 prima

301 2070 375 2133 huius
386 2072 406 2133 §¹
417 2072 563 2121 sententia:
582 2071 651 2134 prius
669 2071 816 2134 scripserat,
835 2071 935 2134 opinor,
954 2070 1065 2119 Tullius:
1087 2091 1097 2112 ι
1114 2069 1168 2133 Ego
1182 2082 1242 2120 uero
1254 2076 1357 2133 propter

301 2160 426 2210 sermonis
442 2159 639 2210 delectationem
659 2160 816 2223 tempestiuis
835 2172 936 2223 quoque
955 2158 1079 2208 conuiuiis
1096 2164 1154 2208 utor
1168 2172 1196 2215 »ς
1212 2164 1238 2207 ιιι
1253 2157 1356 2215 deinde,

301 2248 403 2299 omissis
415 2248 525 2299 verbm«
539 2256 642 2311 propter
653 2249 780 2299 sermonis
791 2249 985 2301 delectationem
1000 2268 1021 2306 ι,
1034 2260 1089 2312 quae
1107 2246 1171 2297 inira
1188 2245 1357 2310 amplificavit.

302 2338 406 2388 mumvit
418 2338 523 2389 verbum
534 2342 592 2386 otor
603 2338 627 2386 iu
640 2337 752 2387 delector.
766 2336 894 2387 charisius
906 2336 977 2399 ponlt
992 2336 1116 2385 incisumt
1135 2356 1145 2379 ι
1160 2342 1263 2398 propter
1279 2346 1356 2384 serm.

302 2427 351 2477 del.
363 2448 374 2470 ι
388 2433 446 2490 post
456 2428 562 2477 terbum
574 2427 686 2476 delector.
695 2426 814 2476 -Verba
828 2425 913 2488 «ipsis
924 2424 1095 2488 voluptatibus
1105 2442 1117 2469 ι
1128 2424 1288 2487 glossematis
1299 2437 1358 2486 spe·

302 2516 366 2565 ciem
380 2515 488 2575 habeut;
503 2516 591 2565 hausta
603 2515 721 2565 videntur
732 2528 763 2565 ex
776 2515 788 2577 ι
800 2516 840 2565 lli.
859 2514 940 2564 Verba
961 2513 1083 2563 sororio
1100 2513 1156 2563 istis
1170 2531 1179 2555 ι
1199 2513 1232 2562 lis
1251 2524 1359 2575 respon·

301 2604 363 2655 dent
374 2618 431 2668 quae
441 2616 517 2667 supra
528 2604 663 2667 leguntur:
677 2621 690 2648 ι
698 2603 765 2668 quod
777 2604 800 2655 si
811 2616 888 2668 quem
900 2603 946 2653 ista
959 2602 1086 2653 delectant
1095 2622 1154 2649 ».-
1167 2601 1230 2666 §li
1240 2600 1356 2651 codicem

303 2692 374 2744 leid.
386 2700 509 2757 sequutus
520 2693 612 2744 Baiter.
625 2694 651 2743 iu
663 2694 704 2744 ed.
717 2693 787 2756 lips.
795 2694 898 2757 scripsit
905 2693 1064 2750 desideratur,
1074 2706 1119 2758 pro
1128 2691 1195 2754 vulg.
1204 2691 1356 2748 desideratio,

300 2781 367 2843 quod
380 2793 430 2831 nou
442 2780 535 2844 legitor
545 2781 611 2843 apud
623 2781 771 2831 Ciceronem
783 2781 826 2844 qui
840 2781 876 2830 uti
888 2781 953 2831 solet
964 2793 1021 2831 voc.
1037 2780 1192 2829 desiderium.
1206 2806 1235 2815 -
1248 2778 1358 2828 Senten-

302 2870 333 2918 tia
344 2884 351 2917 :
363 2886 376 2913 r
386 2869 448 2918 nihil
458 2877 542 2919 autem
554 2876 594 2919 est
606 2869 739 2919 molestum
751 2870 817 2933 quod
830 2882 880 2919 uon
893 2869 1054 2926 desideres»,
1068 2880 1124 2932 quae
1132 2867 1205 2930 paulo
1212 2864 1275 2915 inira
1284 2879 1358 2915 etiar-

302 2966 379 3018 ratur‚
393 2958 501 3009 fortasse
512 2959 584 3022 quasi
596 2970 692 3007 summa
703 2957 752 3008 loci
764 2959 789 3007 in
802 2958 916 3021 margine
929 2958 1032 3020 scripta,
1046 2968 1179 3019 perperam
1190 2955 1216 3004 lt.
1229 2954 1246 3004 l.
1263 2955 1357 3004 inser-te

302 3046 356 3097 luit.
370 3074 400 3085 -
412 3047 426 3112 5
437 3049 477 3097 te.
490 3048 572 3097 ilalim
584 3047 687 3110 legere:
702 3066 712 3089 ι
719 3060 795 3110 prope
808 3047 941 3105 intuens»,
953 3046 1019 3109 quod
1032 3045 1123 3094 melius
1135 3044 1272 3107 respondet
1283 3054 1357 3106 qnam

300 3139 400 3199 propter
411 3137 442 3185 iis
454 3149 510 3200 quae
520 3149 577 3186 mou
587 3136 720 3199 leguntur:
736 3157 745 3177 «
761 3134 848 3198 procul
867 3147 912 3184 eas
928 3142 1045 3197 spectans
1059 3154 1080 3181 ι.
1093 3158 1124 3169 —
1135 3134 1147 3196 ξ
1158 3132 1198 3183 te.
1211 3133 1263 3182 Non
1279 3132 1358 3182 intel-

303 3225 353 3290 ligo
364 3225 425 3290 quid
438 3227 517 3289 prosit
530 3239 584 3276 voc.
598 3227 719 3282 animum,
734 3232 791 3287 post
802 3224 879 3274 verba
894 3231 937 3274 ‹at
949 3224 990 3273 illa
1003 3223 1089 3287 quanti
1101 3228 1160 3272 sunt
1170 3241 1180 3265 ι
1191 3236 1198 3283 ;
1210 3235 1269 3272 num
1282 3221 1357 3271 latine

303 3315 352 3365 dici
364 3321 463 3389 potestt
478 3336 488 3358 ι
502 3315 611 3364 animum
623 3328 710 3364 secum
722 3326 781 3364 esse
792 3326 930 3378 secumque
947 3314 1031 3363 uiuere
1045 3312 1078 3360 i?
1096 3313 1181 3376 ltaque
1196 3313 1297 3377 quidum
1313 3326 1357 3363 co-

303 3403 373 3453 dices
384 3404 480 3454 addunt
492 3404 597 3455 verbum
606 3404 743 3460 delectcot;
756 3404 874 3468 equidem
883 3417 937 3453 soc.
947 3404 1057 3452 animuin
1063 3402 1186 3462 omittam,
1194 3403 1239 3453 sed
1248 3402 1356 3453 inseram

303 3494 408 3551 unimus,
420 3506 467 3544 seu
479 3500 537 3543 ante
549 3506 595 3543 seu
609 3501 666 3556 post
675 3493 753 3541 tutet.
763 3517 794 3529 -
804 3492 921 3556 Plerique
932 3492 1034 3542 codices
1045 3492 1106 3543 dant
1117 3492 1220 3542 terbum
1228 3493 1301 3549 mori,
1311 3504 1357 3541 seu

302 3590 360 3633 ante
371 3596 418 3633 seu
431 3588 488 3645 post
500 3583 638 3631 videbamus
649 3589 692 3631 aut
705 3582 844 3638 uideonmc‚·
857 3582 968 3632 Graevius
984 3591 1010 3631 et
1029 3581 1138 3631 Orelllus
1154 3582 1297 3639 ediderunt,
1316 3580 1357 3630 hic

303 3685 351 3722 uon
363 3672 419 3721 sine
432 3672 604 3722 dubitatione:
619 3691 628 3712 ι
644 3670 708 3720 ιιιοιί
720 3684 790 3733 paene
810 3670 957 3720 uidebamus
972 3685 998 3731 ·;
1018 3670 1157 3733 Madvigius
1173 3669 1258 3718 omisit
1273 3668 1355 3724 ιιιοιι,Ι

303 3761 421 3825 equidem
433 3769 526 3811 censeo
539 3758 644 3810 terbum
656 3760 748 3809 deesse
763 3768 823 3809 ante
839 3760 986 3818 uidebamus,
1005 3759 1078 3823 quale
1097 3759 1213 3816 exerceri,
1234 3758 1355 3811 clemeri.

303 3849 403 3909 versari,
415 3849 488 3913 cujus
500 3850 586 3912 prime
597 3848 712 3899 litteraea
726 3848 842 3897 liualibus
852 3848 909 3898 adv.
922 3848 1050 3897 iucundius
1061 3846 1193 3897 absorberi
1211 3852 1355 3908 potuerunt.

302 3966 333 3977 -
345 3940 357 4003 5
367 3939 407 3989 50.
420 3939 530 4004 Leqam:
545 3958 555 3982 ι
568 3946 644 4002 atque
655 3938 708 3988 ltaec
720 3941 777 3986 suni
788 3938 871 3988 studia
884 3937 1004 3988 doctrinae
1018 3957 1040 3998 »‚
1053 3950 1099 3999 pro
1112 3935 1179 3999 vulg.
1192 3953 1205 3980 u
1218 3942 1293 3998 atque
1305 3935 1357 3986 lutee

302 4029 401 4093 quidem
411 4036 445 4079 st.
457 4029 483 4079 d.
498 4047 521 4077 ι.

333 4118 382 4178 xv,
392 4120 404 4181 l
415 4118 526 4169 filllere
539 4118 753 4181 llommsenlegit
766 4139 775 4159 ι
786 4130 833 4167 nec
840 4116 957 4181 cuiquam
966 4137 987 4179 »‚
1003 4128 1047 4178 pro
1055 4116 1121 4179 vulg.
1132 4136 1141 4158 ι
1153 4127 1325 4179 nedumquam
1334 4133 1369 4173 »s

301 4209 443 4261 secuudum
454 4208 511 4259 cod.
525 4206 560 4256 ι’.
573 4235 604 4243 -
615 4207 714 4257 llalim:
728 4225 741 4252 u
749 4207 872 4256 monitam
882 4204 946 4256 ratio
958 4207 1090 4256 aristarum
1101 4225 1122 4267 ι,
1136 4216 1182 4268 pro
1193 4205 1315 4254 munitor.
1327 4230 1358 4241 -

302 4297 367 4361 552.
378 4297 477 4348 Verba:
490 4314 504 4342 r
512 4296 597 4347 satiari
608 4296 776 4347 delectatione
784 4309 835 4346 nou
843 4306 967 4359 possum»
980 4294 1063 4357 spuria
1069 4293 1155 4356 iudico
1165 4311 1172 4353 3
1181 4294 1276 4358 ‘qulbus
1284 4294 1358 4344 ontis·

303 4388 339 4438 sis
349 4386 461 4451 legitima
474 4386 502 4438 flt
513 4386 596 4438 series
607 4385 743 4437 orationis:
757 4385 875 4437 videntur
886 4397 944 4435 esse
960 4385 1087 4436 enarratio
1102 4398 1191 4436 eorum
1210 4395 1265 4448 que
1283 4394 1357 4449 supra
