3325 5159
298 565 332 619 ll
386 562 620 620 Tuscumaauu
635 573 867 619 otsrururtouuu
880 560 925 631 lv,
940 569 1162 629 xxvrtt-xxxrn,
1176 557 1273 615 ott-80.

328 700 439 763 xxviii,
457 700 520 763 560.
538 699 628 749 llerito
644 705 792 762 suspectam
805 696 851 748 luit
869 697 954 747 eidem
966 695 1109 747 'excellenti
1124 695 1218 746 critico
1238 707 1295 745 voc.
1306 695 1359 759 plo·

297 788 390 838 catione
402 788 559 838 nrissimum
570 785 663 837 elfere
675 797 861 849 supervacuum
875 785 913 835 tel
927 784 1011 848 potius
1022 784 1150 843 attenuant
1167 784 1286 835 adverbii
1297 786 1360 835 enim

299 876 381 925 lucum
395 876 494 925 videtur
507 875 677 937 usurpavisse,
690 875 747 924 scil.
758 874 849 937 plaue,
861 886 907 923 sau
920 873 1030 924 omniuo.
1048 874 1133 924 Subst.
1146 874 1226 922 animi
1238 874 1333 937 pendet
1349 885 1361 922 a

298 978 319 1015 s.
331 965 492 1029 perturbatio.
510 964 704 1026 sonjrrncttuua
716 962 834 1012 abluatur
850 970 938 1013 monet
948 963 1083 1025 quamdam
1098 963 1191 1013 deesse
1205 963 1362 1029 conjunctio-

297 1067 365 1112 nem,
382 1054 467 1117 itaque
480 1052 610 1102 Bentlaius
621 1052 708 1116 tegere
722 1051 839 1101 uolebat:
859 1073 869 1095 ι
883 1052 1021 1117 sedarum
1035 1051 1127 1110 omnis,
1140 1059 1192 1102 etc.
1206 1070 1220 1098 u
1239 1051 1361 1116 Equidem

299 1141 399 1191 malint:
419 1141 527 1191 «sedai
543 1140 627 1190 omnis
640 1159 653 1185 ι
670 1152 717 1189 seu
736 1160 746 1183 ι
761 1139 817 1189 Etsi
836 1152 905 1189 omn.
921 1159 931 1181 »
949 1139 991 1189 Sic
1009 1139 1102 1189 melius
1117 1138 1271 1203 intelligitur
1286 1152 1363 1203 appu

298 1230 377 1279 sitio:
397 1230 600 1279 «Verumtamen
620 1228 674 1278 hoec
693 1234 734 1277 est
749 1234 820 1277 certa
835 1264 840 1275 .
855 1262 862 1276 .
877 1228 994 1278 ‚unalia
1006 1247 1026 1274 ι.
1046 1228 1072 1276 lu
1090 1226 1112 1292 5¹
1122 1227 1253 1286 clausula,
1269 1228 1293 1277 si
1309 1213 1362 1278 cun

300 1318 414 1368 Bentleio
426 1317 496 1381 legas
507 1317 628 1374 subtilior,
642 1330 687 1379 pro
700 1316 794 1373 utilior,
807 1316 896 1365 eadem
908 1314 1041 1378 apparebit
1052 1315 1181 1379 oppositio
1192 1328 1250 1379 quae
1260 1316 1288 1366 iu
1300 1316 1364 1379 paln-

299 1406 367 1469 cipio
380 1404 525 1455 verisimilis
536 1410 588 1455 est.

332 1492 422 1551 xxlx,
439 1491 501 1554 562.
519 1491 670 1552 diocliam,
686 1497 715 1539 ut
727 1491 738 1552 ξ
750 1489 791 1549 59,
803 1489 887 1553 legam
904 1509 914 1532 ι
927 1490 1072 1540 adhibenda
1083 1491 1179 1540 curatio
1192 1509 1219 1554 ι,
1238 1503 1286 1553 pro
1298 1491 1363 1555 vulg.

301 1580 388 1630 oratio.
406 1578 477 1629 cuni.
491 1581 503 1641 5
515 1580 557 1629 65.
1325 1580 1329 1586 '
1382 1576 1384 1579 ’

333 1668 422 1729 xxxi,
439 1667 504 1731 §65-
522 1666 602 1717 codd.
615 1665 712 1718 habent
726 1689 736 1708 ·
751 1665 869 1715 laetabilia
882 1664 997 1714 dicuutur
1010 1683 1040 1728 ι,
1057 1666 1126 1715 unde
1138 1664 1215 1716 Woll.
1229 1666 1364 1723 duantum

301 1768 350 1818 rga
368 1755 471 1818 legam:
488 1754 638 1812 iudicantur,
658 1753 726 1817 quod
746 1752 847 1803 facilius
866 1768 898 1803 ex
917 1753 993 1804 codd.
1009 1753 1120 1804 lectione
1138 1752 1256 1816 edicitur,
1274 1754 1367 1818 quippe

301 1844 358 1893 duae
375 1842 464 1892 finales
481 1854 536 1892 tac.
556 1841 672 1891 loetolt'liu
691 1855 748 1891 curu
768 1841 869 1891 duabus
891 1842 980 1905 primis
1000 1840 1073 1891 verbi
1090 1840 1235 1890 iudicantur
1258 1853 1287 1891 se
1304 1854 1367 1891 con-

303 1930 433 1980 fuderunt.

334 2018 429 2080 XXXV,
446 2018 458 2081 5
474 2018 514 2067 75.
543 2017 693 2081 Suspectum
711 2016 775 2065 mihi
795 2016 896 2066 ridetur
915 2018 1005 2079 etiam,
1029 2017 1055 2066 in
1073 2015 1207 2067 sententie
1225 2015 1367 2080 principio;

303 2108 385 2170 legam
402 2126 415 2149 a
427 2106 518 2155 etenim
534 2119 601 2156 novo
619 2104 723 2168 quidem
737 2117 840 2166 amore,
859 2113 936 2157 etc.»
952 2106 994 2157 Sic
1005 2106 1098 2156 mellus
1108 2106 1193 2157 oratio
1203 2105 1327 2167 nectitur.
1343 2115 1368 2157 et

304 2202 432 2259 praecepto
444 2194 589 2257 exemplum
600 2194 771 2259 subjungitur.

334 2283 445 2345 xxxvl,
463 2282 526 2345 577.
543 2283 639 2346 Opinon
657 2282 814 2347 legendum:
832 2300 846 2328 a
860 2283 898 2332 lra
918 2294 989 2343 ueta,
1007 2293 1160 2346 quamquam
1173 2280 1218 2331 diu
1237 2281 1369 2345 perturbat

303 2372 414 2419 animum
428 2385 455 2431 u;
473 2370 591 2435 quoniam
603 2372 740 2435 opponitur
752 2371 794 2421 liic
806 2371 851 2421 irae
866 2371 1022 2422 diuturnitas
1033 2369 1128 2420 amoris
1140 2370 1329 2434 inconstantiae,
1346 2377 1371 2420 ct

305 2466 388 2508 tarucu
406 2467 543 2523 utrumque
561 2460 665 2511 insamae
677 2474 770 2511 nomen
782 2460 869 2511 hahet.
883 2485 913 2496 —
925 2459 1020 2510 scholii
1036 2459 1149 2523 speciem
1166 2457 1263 2510 habent
1276 2457 1370 2510 terh:

306 2570 315 2590 ι
330 2562 418 2597 coriaut
433 2549 529 2598 viscera
542 2549 646 2611 apponit
660 2568 682 2597 ιι,

335 2637 452 2696 llxxvii,
470 2639 535 2702 580.
552 2637 699 2701 tautologia
712 2638 779 2687 inest
795 2638 821 2686 in
838 2635 1005 2687 definitione:
1024 2619 1120 2682 Cttrna
1131 2630 1210 2681 animi
1219 2627 1330 2680 condsic
1343 2648 1370 2690 ι,

304 2739 352 2776 nec
363 2726 456 2776 clarior
469 2726 497 2775 lit
509 2738 551 2775 res
562 2738 609 2775 usu
622 2738 679 2776 voc.
692 2725 807 2787 conficio,
820 2737 895 2787 quam
907 2736 954 2773 usu
968 2736 1024 2772 roc.
1037 2719 1144 2784 fidentia.
1162 2718 1253 2768 Cicero
1262 2716 1371 2780 scripse·

192 2843 209 2864 ι.
304 2822 343 2864 rat
355 2814 532 2877 proculdubio
547 2829 553 2861 z
571 2832 584 2858 a
597 2813 668 2863 firma
679 2814 757 2863 animi
768 2814 876 2863 conditio
889 2833 912 2862 ι.
921 2839 951 2849 -
962 2811 1074 2862 Geminae
1086 2807 1274 2859 conuentionis
1284 2818 1371 2857 exeta-

305 2900 374 2964 plum
386 2901 511 2952 haltentus
524 2902 550 2950 in
563 2900 658 2964 duplici
670 2901 835 2952 conclusione
849 2915 856 2949 t
875 2922 886 2945 a
900 2902 932 2951 Ut
942 2900 1022 2964 igitur
1033 2905 1130 2958 metus,
1146 2896 1185 2946 sic
1197 2894 1304 2959 reliquae
1314 2905 1372 2956 per·

306 2990 464 3041 turbationes
476 2998 536 3041 sunt
548 2991 573 3039 in
585 2990 652 3041 malo
665 3009 696 3049 ι,
712 2998 740 3040 et
757 3010 767 3033 ι
782 2990 852 3054 Ergo
870 2994 898 3037 ut
914 2989 1056 3038 constantia
1068 2984 1197 3042 scientie,
1214 2984 1253 3033 sic
1269 2989 1373 3047 penur-

305 3080 375 3130 batio
392 3079 488 3129 eat-oris
505 3086 580 3128 est».
604 3078 720 3129 Priorem
738 3076 827 3128 delere
849 3074 951 3126 uolebat
967 3073 1136 3137 Wesenberg.
1155 3084 1212 3136 quaa
1231 3081 1322 3121 revera
1340 3069 1373 3119 ila

305 3179 361 3230 quae
373 3167 520 3229 praeceduut
537 3165 600 3214 nillil
618 3165 702 3227 addit,
722 3172 748 3215 et
760 3165 820 3216 ideo
831 3178 846 3214 a
858 3164 981 3215 Cicerone
1000 3162 1099 3226 abjecta
1114 3161 1171 3211 luit.
1184 3187 1215 3198 -
1228 3161 1317 3222 inepte
1329 3156 1373 3208 di·

305 3263 399 3305 cuntur
409 3256 486 3305 animi
499 3255 562 3304 mala
577 3254 721 3304 ualetudine
733 3255 879 3310 counitum
896 3253 1014 3316 suspicor
1026 3252 1162 3315 legendum
1174 3246 1331 3299 comminuti.
1342 3267 1373 3283 ··-

306 3342 413 3405 Bauius,
430 3343 472 3392 cui
483 3341 642 3404 obsequutus
653 3349 694 3391 est
706 3342 836 3405 Baiuras,
851 3342 980 3392 minimam
993 3354 1039 3404 pro
1051 3333 1158 3390 maxima
1170 3336 1373 3396 distinctionem,

306 3437 364 3491 post
375 3429 452 3479 verba
471 3452 480 3472 ι
495 3437 523 3480 ut
534 3430 652 3479 Soet-ates
663 3429 757 3479 dicitur
770 3447 800 3488 ι,
817 3430 960 3493 ponendam
973 3441 1032 3479 esse
1048 3433 1154 3486 censet;
1171 3437 1228 3490 quaa
1245 3422 1374 3474 medicina

306 3518 369 3568 milri
388 3532 439 3569 non
457 3519 561 3569 omnino
577 3518 715 3579 satisfacit,
735 3525 762 3569 el
780 3519 891 3569 inseram
911 3518 979 3581 conj.
999 3532 1074 3575 uam,
1096 3524 1155 3567 aute
1175 3514 1252 3565 verba
1270 3535 1282 3557 ι
1295 3524 1374 3577 quum

307 3606 395 3667 murita,
413 3613 464 3657 ete.
477 3626 506 3669 ιι,
524 3619 573 3670 qua
589 3606 690 3668 addita,
707 3605 824 3657 diffusior
836 3607 1034 3671 nationibusque
1045 3605 1136 3655 alienis
1148 3602 1242 3654 relenta
1253 3600 1376 3665 periodus

307 3702 440 3759 rumpetur
458 3703 485 3746 el
503 3695 602 3745 facilius
627 3695 704 3745 etiam
730 3695 847 3758 labetur,
870 3697 893 3746 si
913 3695 1018 3746 terbum
1038 3698 1091 3752 eat,
1111 3692 1179 3755 quod
1198 3690 1294 3754 legitur
1316 3693 1375 3752 pust

308 3787 410 3844 deorsus,
424 3784 561 3836 transieras
576 3792 636 3834 aitte
651 3786 800 3834 sullevatus.
1279 3799 1282 3804 ·
