3325 5159
459 575 694 632 Tuscumuanuu
711 587 940 633 orsaorarrouuu
957 579 991 646 ll,
1009 590 1122 648 ru-xrv,
1137 580 1214 635 8-32.
1341 583 1376 637 65

300 714 421 761 ttrnittam
445 726 534 776 quom,
556 712 623 762 iuter
646 713 711 761 ultro
734 720 761 762 et
784 714 823 773 id,
842 727 900 762 cum
921 715 1032 766 Manutio
1052 723 1077 765 et
1096 717 1241 779 Tregdero,
1268 720 1306 767 sic
1326 732 1377 769 non

301 814 367 863 opus
385 809 426 851 est
443 801 539 852 addere
563 802 612 857 od,·
640 815 715 865 quoin
739 809 823 852 ortum
845 810 886 852 est
905 816 936 853 ex
957 803 1063 854 lormula
1085 806 1151 855 altro
1169 821 1243 870 quom
1262 820 1311 870 qua
1327 821 1378 858 sae-

302 890 493 951 piusutuntur.

334 977 381 1034 ill,
399 978 447 1039 58.
464 976 562 1040 Sequar
580 976 683 1025 Balium
703 975 854 1038 legentem:
874 975 983 1024 «minus
1002 976 1036 1024 lta
1053 974 1196 1026 laciendum
1217 988 1276 1025 esse
1294 990 1377 1025 cense-

301 1080 359 1114 mus
371 1085 398 1122 ι,
417 1079 463 1129 pro
481 1065 616 1123 sentimus,
633 1066 730 1115 omisso
752 1064 778 1113 id
795 1072 855 1113 aute
873 1065 919 1113 ito.
948 1064 1062 1114 Baiterus
1079 1071 1164 1115 serrat
1182 1066 1302 1115 sentimur
1314 1104 1320 1123 ,
1332 1078 1377 1116 se-

302 1155 385 1205 cludit
396 1155 430 1203 id.
442 1182 473 1191 -
485 1155 497 1216 5
508 1155 533 1203 9.
551 1154 646 1216 Legam
657 1168 715 1203 cum
729 1152 827 1202 Halmio
841 1168 846 1199 :
865 1171 878 1197 «
892 1154 960 1216 quod
973 1158 1008 1202 est
1019 1166 1049 1202 ea
1064 1172 1092 1213 r,
1110 1167 1156 1215 pro
1168 1157 1239 1202 esset.

335 1227 409 1305 lv,''5
426 1244 465 1292 ll.
490 1243 582 1292 Bakius
601 1243 750 1291 Cicerone-m
770 1241 906 1303 scripsisse
924 1242 1075 1304 praescriptis
1099 1255 1145 1303 pro
1165 1241 1233 1305 vulg.
1250 1242 1377 1305 preceptis

298 1331 454 1393 suspicatur,
467 1332 500 1381 ob
514 1330 663 1393 particulam
676 1331 762 1393 quasi,
774 1344 830 1393 quae
844 1331 885 1379 liic
898 1330 981 1379 aliena
994 1330 1109 1391 videtur;
1122 1330 1299 1393 sedquoniam
1312 1331 1377 1380 dixit

301 1420 414 1481 scriptor
426 1418 587 1483 quibusdam,
606 1431 636 1468 ea
650 1418 773 1480 particula
788 1420 820 1467 ad
835 1418 941 1468 verbum
954 1419 1084 1480 coufirmat
1097 1418 1225 1481 pertinet;
1243 1432 1290 1468 nec
1303 1420 1376 1481 quic-

302 1520 379 1569 quam
392 1508 550 1557 mutandum.

332 1595 361 1652 V,
380 1596 444 1656 5ld.
462 1595 546 1644 Malim
567 1609 625 1645 cum
640 1596 737 1645 Halmio
750 1596 837 1656 legere
852 1612 858 1642 :
880 1617 889 1638 α
904 1596 930 1644 ld
948 1597 1035 1645 dicere
1053 1598 1166 1660 equidem
1181 1617 1209 1654 10,
1226 1610 1301 1659 quam
1316 1610 1374 1645 cum

301 1684 490 1746 Wesenbergio
503 1698 510 1731 ε
525 1684 570 1733 «id
583 1685 687 1745 quidem
699 1685 785 1734 dicere
797 1704 824 1744 ·,
838 1684 871 1733 ob
883 1684 989 1732 verbum
1000 1685 1123 1747 pudet-
1132 1684 1263 1734 Sententia
1275 1685 1374 1748 llagitat

302 1772 442 1835 allegatur
456 1788 463 1820 ι
477 1791 489 1814 a
503 1773 561 1835 quis
572 1781 612 1822 est
624 1787 674 1822 non
687 1772 763 1822 modo
776 1786 826 1822 non
839 1772 1005 1833 recusandus,
1025 1774 1071 1821 sed
1091 1773 1158 1821 ultro
1170 1772 1244 1821 etiam
1263 1785 1313 1822 non
1330 1772 1376 1822 ad-

301 1861 439 1922 petendus,
452 1861 611 1921 subeundus,
625 1861 793 1924 excipiendus
805 1860 917 1911 dolori·
933 1861 959 1910 ln
973 1861 1065 1911 talibus
1078 1875 1166 1924 parum
1179 1862 1246 1912 valet
1258 1862 1375 1911 codicum

300 1950 458 2011 acclamas,
472 1950 516 2013 qui
527 1948 581 1999 lere
593 1962 696 2011 semper
707 1949 873 2000 dissentiunt.

331 2036 371 2096 Vl,
385 2036 398 2099 5
411 2038 450 2085 15.
467 2037 576 2086 Codices
595 2037 709 2086 babent:
729 2056 740 2080 α
755 2037 892 2087 multorum
913 2039 978 2087 etde
1001 2039 1078 2087 variis
1092 2039 1236 2099 disciplinis
1257 2038 1374 2100 philoso-

301 2126 410 2188 pliorum
425 2141 455 2186 ις
472 2127 570 2176 Bentlei
587 2126 690 2189 legebat
707 2148 717 2169 ι
733 2132 803 2177 met
822 2130 924 2178 erariis
937 2131 962 2177 d.
978 2142 1007 2187 ›1;
1025 2129 1144 2191 equidem
1165 2129 1279 2178 omittam
1299 2132 1332 2185 et,
1349 2135 1376 2177 et

302 2216 408 2278 legam:
428 2216 555 2265 «erariis
573 2216 636 2265 disc.
652 2236 662 2257 ι
680 2216 777 2266 Tullius
794 2231 844 2267 uon
862 2217 928 2267 solet
946 2218 1041 2267 addere
1055 2225 1118 2279 part.
1131 2222 1156 2266 et
1175 2225 1234 2280 post
1245 2217 1330 2278 mitlti,
1348 2226 1375 2266 ut

304 2303 347 2354 καί
358 2309 425 2371 apud
437 2307 539 2358 Graecos
552 2315 609 2370 post
620 2301 714 2353 πολλοί.

331 2403 382 2459 vtl,
396 2403 459 2464 517.
477 2403 618 2452 Deleudum
632 2403 694 2452 vidit
704 2404 794 2452 Baltius
806 2403 926 2464 Hercule,
942 2411 999 2465 post
1011 2404 1099 2453 iuraui.
1115 2405 1208 2453 Baiter.
1218 2404 1244 2453 id
1258 2403 1374 2453 seclusit.

298 2490 353 2551 -5
368 2492 406 2540 l8.
422 2489 597 2539 Omittcndum
608 2503 667 2539 esse
680 2490 779 2540 monuit
791 2490 922 2540 Bentleius
936 2504 992 2541 roc.
1001 2492 1159 2554 volrtptotem¹
1174 2498 1232 2553 post
1240 2490 1375 2553 Epicurus,-

299 2579 362 2629 illud
376 2579 486 2629 Orellius
496 2580 617 2639 seclusit,
632 2580 726 2629 Baiter.
740 2579 848 2629 delerit.

331 2667 395 2728 vill,
408 2668 420 2728 5
431 2667 470 2717 20.
489 2668 568 2730 Magis
580 2675 751 2717 consentanea
763 2681 822 2716 cum
835 2668 969 2730 Sophoclis
982 2666 1066 2717 fabula
1086 2667 1162 2716 lectio
1174 2674 1260 2724 esset,
1278 2665 1375 2715 slede·

299 2762 372 2805 retur
385 2771 392 2803 1
411 2776 421 2798 «
435 2756 478 2819 qai
489 2768 547 2805 cum
560 2772 575 2805 o
587 2756 703 2806 Deianira
719 2793 724 2803 .
737 2792 742 2803 .
754 2791 775 2805 ..
788 2756 824 2806 ait
835 2756 879 2805 illc
894 2777 915 2819 a,
936 2756 1004 2819 quod
1021 2756 1084 2806 vidit
1096 2755 1245 2818 Schlenger.
1268 2753 1374 2817 (Philol.

300 2844 359 2900 llll,
377 2844 483 2907 p280l.

330 2932 376 2990 xl,
394 2932 458 2993 526.
475 2932 597 2994 Suspecta
618 2932 733 2981 Bentleio
753 2932 830 2981 rerba
861 2939 912 2981 «et
930 2932 1085 2994 proprium»
1105 2932 1198 2980 Baiter.
1217 2930 1331 2980 seclusit.
1345 2956 1374 2965 -

298 3020 424 3071 Libenter
442 3034 536 3084 sequar
552 3021 678 3070 Klotzium
698 3021 828 3082 legentem
854 3020 944 3068 «verti
963 3033 1013 3068 iton
1029 3019 1099 3068 nullo
1118 3019 1151 3068 de
1170 3017 1265 3067 Graecis
1280 3037 1309 3079 ν,
1329 3031 1374 3079 pro

299 3109 369 3171 vulg.
382 3111 472 3158 multo.
490 3109 569 3160 codd.
584 3109 680 3158 liabent
694 3130 704 3151 «
721 3108 785 3157 verti
797 3109 867 3157 enim
880 3108 958 3157 multa
973 3126 996 3156 ».
1009 3135 1039 3145 -
1052 3109 1064 3169 5
1075 3107 1115 3156 et.
1129 3107 1220 3156 lllerito
1232 3106 1374 3156 addendam

299 3209 359 3247 essc
370 3204 461 3246 censet
472 3197 565 3246 Balius
576 3197 645 3259 conj.
659 3210 750 3260 quam,
772 3203 831 3246 aute
850 3196 984 3252 inducunt,
1003 3203 1030 3246 et
1049 3194 1258 3258 interrogationis
1273 3194 1375 3257 signum

299 3293 359 3347 post
370 3286 434 3335 viros
447 3284 577 3335 transfert.
590 3312 621 3322 -
634 3285 711 3342 ldem,
725 3298 776 3334 non
788 3285 844 3334 sine
853 3298 939 3343 causa,
952 3284 1039 3347 legere
1050 3284 1127 3334 vellit
1147 3304 1157 3327 «
1172 3283 1226 3333 haec
1239 3295 1253 3331 a
1267 3282 1375 3345 pueritia

302 3381 330 3423 et
342 3374 451 3437 legimus
462 3380 489 3424 et
501 3374 641 3423 ediscimus
655 3393 666 3414 ι
679 3410 685 3431 ,
703 3386 748 3435 pro
762 3373 829 3436 vulg.
850 3395 860 3415 «
874 3374 992 3422 baccata
1006 3372 1115 3435 pueritia
1128 3373 1178 3435 leg.
1191 3378 1218 3421 et
1230 3372 1272 3421 ed.
1285 3391 1296 3412 ι

330 3464 393 3519 lllll,
407 3464 468 3525 530.
483 3462 600 3525 intelligo
613 3464 720 3513 incisum
736 3464 843 3513 «verbis
854 3463 1007 3526 gloriantem
1016 3482 1039 3523 i,
1052 3462 1124 3525 quasi
1136 3461 1236 3511 diceret
1248 3460 1373 3522 scriptor:

298 3550 412 3600 «verbis
431 3550 565 3613 gloriando
584 3551 767 3613 profitentem:
792 3552 856 3600 nihil
877 3552 987 3611 honum,
1013 3557 1089 3600 etc.»
1112 3577 1142 3586 -
1161 3549 1285 3599 libenter
1298 3548 1373 3612 equi-

296 3640 357 3689 dem
375 3640 502 3688 assentiar
521 3640 597 3689 Baldo
611 3640 725 3703 legenti:
745 3662 755 3683 α
770 3653 817 3689 nec
829 3639 923 3688 malum
937 3640 1029 3697 ullum,
1048 3638 1115 3687 nesi
1133 3638 1159 3686 in
1172 3650 1251 3686 unum
1270 3636 1373 3699 quidem

296 3727 382 3776 locum
393 3726 493 3777 conlata
506 3728 591 3776 omnia
602 3728 654 3776 sint
668 3748 678 3769 n
690 3765 696 3785 ,
710 3741 755 3789 pro
769 3726 837 3789 vulg.
846 3726 863 3774 l.
882 3746 894 3770 a
912 3739 943 3775 ne
956 3726 1049 3775 malum
1060 3725 1167 3788 quidem
1179 3724 1277 3783 ullum,
1291 3737 1338 3773 nec
1351 3724 1374 3771 si

297 3814 324 3862 in
341 3828 419 3863 uuum
437 3799 537 3876 locum,
555 3822 607 3863 etc.
622 3834 633 3858 1
648 3841 673 3850 -
688 3815 700 3875 5
713 3814 752 3862 31.
772 3815 893 3863 Fortasse
911 3814 1047 3876 legendum
1063 3829 1069 3860 :
1088 3831 1101 3857 u
1114 3812 1159 3861 etsi
1178 3811 1373 3860 laborantem».

297 3902 437 3951 Lambinus
448 3910 474 3952 et
487 3903 617 3952 Bentlelus
632 3902 729 3951 addunt
746 3901 856 3962 fradra,
876 3915 941 3964 quos
957 3908 1081 3963 sequutus
1100 3907 1140 3949 est
1158 3900 1281 3948 Baltcrus.
1302 3898 1330 3946 F.
1343 3903 1373 3947 A.

298 3989 375 4040 Wolf.
395 3991 517 4054 legebat:
545 3999 595 4041 «et
613 3991 773 4041 laborantem
795 3994 877 4039 tomen
892 4009 915 4038 n.
935 4018 965 4026 -
984 3989 1050 4052 532.
1071 3988 1201 4038 Bentlelus
1220 3986 1374 4049 conjiciebat

299 4080 465 4143 despiciendas
487 4092 533 4142 pro
552 4080 718 4143 sepeliendas,
738 4079 805 4141 quod
818 4080 859 4127 rix
876 4080 909 4129 de
924 4078 1016 4129 dolore
1036 4078 1087 4128 dici
1104 4084 1204 4140 potest3
1221 4088 1270 4138 ego
1289 4076 1374 4125 malim

298 4168 465 4231 spernendus,
483 4169 578 4231 quoda
592 4168 691 4231 mlgata
705 4169 789 4217 minus
804 4166 900 4217 differt.

330 4255 393 4304 xlv.
417 4256 552 4306 Ernestius
571 4263 598 4306 et
617 4257 709 4306 Bakius
732 4256 869 4319 legendum
890 4261 1017 4305 censent:
1045 4254 1162 4318 «ecquid
1182 4252 1267 4303 nescis
1284 4251 1369 4313 igitur,

299 4352 365 4393 etc.»
384 4357 429 4407 pro
447 4344 517 4407 vulg.
535 4345 553 4394 Ι.
571 4347 690 4407 «ecquid
710 4346 761 4395 scis
778 4345 857 4407 igitur
871 4360 900 4406 »;
917 4345 1036 4407 equidem
1054 4344 1139 4394 malim
1160 4359 1165 4391 :
1187 4342 1287 4405 «Atqui
1306 4341 1371 4397 scis,

1233 4431 1249 4477 a
