3325 5159
571 633 613 692 Bu
628 646 750 691 necinus
763 634 813 705 ΙΙΙ,
831 646 932 705 x-xtu,
947 633 1042 692 23-30.
1289 635 1345 693 liti

280 774 369 825 Balius
380 779 528 837 corruptum
540 784 598 823 esse
611 779 709 823 censet.
724 772 784 822 Post
795 770 873 822 rerba
887 784 894 820 a
909 792 919 814 ι
933 770 983 822 Sed
998 769 1040 821 ille
1052 783 1116 834 quas
1132 777 1231 834 strages
1248 770 1343 822 edidit!

277 875 321 912 eas
333 862 451 912 videlicet
462 874 524 926 quas
535 862 591 911 sine
604 861 701 911 ratione
714 873 744 909 ac
756 860 811 910 sine
825 858 876 909 ulla
888 872 934 922 spe
943 859 1008 910 bona
1023 879 1044 915 ι,
1059 859 1142 923 legam
1160 870 1207 909 seu
1221 873 1228 907 t
1249 880 1260 902 «
1275 857 1345 910 furor

277 952 354 1002 edere
366 951 448 1013 potuit
460 951 565 1013 impurae
576 950 668 1000 belluae
684 968 706 1010 v,
719 962 765 999 seu
779 966 786 998 :
799 968 811 994 u
825 949 904 1000 edere
923 948 1004 1012 potnit
1023 948 1158 999 multorum
1178 948 1345 998 inflammatus

278 1040 406 1091 t'uroribus
420 1059 442 1099 v,
455 1040 566 1103 priorem
578 1046 648 1089 certe
662 1039 771 1102 praecutit
782 1038 889 1101 Tullius,
910 1038 1026 1103 neglecta
1038 1038 1117 1088 altera
1128 1038 1255 1089 sententia
1270 1051 1344 1101 quam

277 1138 350 1180 antea
362 1131 510 1193 scripserat.

308 1219 339 1279 il,
353 1218 418 1283 §23-
434 1218 543 1269 Admisit
555 1218 634 1268 llalm.
649 1217 823 1283 Fetdbmgetit
843 1216 1038 1280 coniecturam:
1058 1216 1228 1268 «consulatus
1244 1216 1347 1279 vitupe-

278 1309 328 1358 rari
342 1315 425 1371 potest
438 1328 448 1350 ι
459 1322 467 1368 ;
480 1308 581 1370 Baitios,
595 1308 694 1371 opinor,
708 1308 794 1359 verius
805 1305 958 1369 conjiciebat
973 1322 980 1355 ε
996 1306 1176 1357 «consulatum
1188 1306 1314 1369 vituperes
1324 1326 1345 1368 ·,

278 1397 396 1460 quoniam
407 1397 493 1446 statim
506 1395 599 1459 iegitur
615 1395 749 1458 colleperis.
763 1422 793 1430 —
806 1395 818 1456 ς
830 1394 870 1444 rt.
890 1393 972 1445 llalrn.
992 1394 1082 1453 edidit,
1101 1402 1205 1445 auctore
1224 1392 1345 1454 llanutio,

277 1485 399 1548 probante
412 1483 548 1547 Madvigio,
562 1484 692 1542 perlectus,
706 1496 753 1548 pro
765 1484 825 1534 lect.
838 1484 913 1534 codd.
931 1487 1032 1541 uectus,
1050 1511 1081 1520 -
1099 1492 1219 1534 monente
1239 1482 1343 1533 Vahlen.

276 1575 371 1632 evertit,
386 1586 431 1636 pro
443 1572 518 1623 codd.
532 1571 592 1622 lect.
605 1570 695 1633 fuerat,
711 1571 755 1621 ubi
768 1571 873 1636 Bentley
885 1572 952 1637 conj.
961 1573 1080 1636 fregerat,
1091 1572 1157 1623 Bake
1169 1572 1282 1635 fragiis·
1296 1572 1345 1623 Le-

277 1666 388 1727 geudum
400 1676 458 1713 esse
471 1674 575 1724 censeo,
589 1674 620 1712 ex
632 1661 707 1712 'lollii
719 1667 805 1712 mente
819 1677 826 1712 t
843 1681 853 1704 ι
865 1676 959 1726 paucos
970 1662 995 1711 iu
1008 1662 1078 1713 omni
1094 1662 1215 1712 memoria
1233 1662 1346 1724 reperies

278 1754 435 1816 perniciosos
457 1751 574 1802 tribunos
588 1766 616 1811 ·;
635 1751 710 1802 codd.
731 1751 827 1802 babent
846 1751 939 1809 nullus,
960 1750 1097 1800 Lambinus
1118 1750 1185 1813 conj.
1208 1750 1345 1810 rronrrcllor,

277 1856 353 1906 quern
365 1848 489 1906 sequutus
500 1848 540 1891 est
552 1840 673 1891 Halmius.
687 1868 717 1878 -
730 1840 744 1905 5
756 1840 797 1890 25.
811 1840 929 1892 Fortasse
942 1840 1078 1905 legendum
1092 1856 1098 1888 :
1113 1859 1125 1883 ι
1135 1846 1162 1889 ut
1174 1839 1268 1889 meritis
1280 1852 1347 1901 prae-

277 1929 603 1980 clarissimisadduceretur
617 1943 646 1989 »;
665 1929 710 1978 vix
729 1929 798 1979 euim
817 1929 974 1979 conveniunt
993 1929 1078 1979 broliis
1098 1936 1124 1979 et
1140 1928 1345 1993 praeclarissimis,

277 2032 333 2083 quae
345 2018 463 2081 leguntur
481 2017 508 2068 in
527 2018 602 2068 codd.
623 2017 733 2081 iladvig.
752 2016 820 2080 conj,
842 2018 960 2068 «vinclis
979 2016 1178 2080 praeclarissimis
1191 2035 1214 2079 n,
1236 2017 1301 2067 Bake
1320 2025 1347 2067 et

278 2107 431 2171 Fetdlrucgel
446 2121 452 2156 τ
467 2129 477 2151 ι
493 2107 578 2158 multis
590 2106 717 2170 praeclaris
728 2106 853 2158 institutis
867 2122 895 2169 »3
907 2107 1021 2169 clitella,
1035 2106 1114 2157 llalm.
1129 2105 1218 2155 malit:
1234 2124 1247 2150 v
1260 2105 1346 2155 multis

277 2197 404 2259 praeclaris
418 2197 506 2247 vinclis
521 2217 542 2246 ».

307 2285 350 2333 xt.
367 2285 457 2335 Merito
469 2285 572 2335 inclusit
585 2286 677 2347 Halm,
690 2293 810 2337 monente
831 2286 941 2344 Baitero,
963 2288 1072 2345 tucitmc,
1093 2293 1150 2350 post
1168 2283 1259 2350 plebes,
1277 2285 1346 2349 quod

277 2373 357 2424 deleri
369 2374 460 2437 potuit,
472 2374 590 2437 quoniam
603 2388 633 2424 en
647 2375 765 2438 sequenti
778 2388 853 2425 versu
866 2375 922 2425 sine
934 2375 1012 2425 dubio
1026 2374 1136 2437 irrepsit.
1150 2401 1181 2411 -
1199 2376 1264 2424 Vere
1282 2386 1348 2424 con-

276 2463 369 2527 jecisse
383 2464 443 2514 mibi
456 2463 556 2514 videtur
569 2464 660 2514 Belius
672 2463 808 2528 legendum
821 2476 879 2514 esse
890 2467 1018 2527 potestate,
1039 2476 1086 2526 pro
1107 2462 1172 2526 vulg.
1190 2467 1266 2526 peste,
1286 2470 1346 2513 onte

278 2574 290 2598 u
303 2561 433 2603 conmmen
445 2552 493 2603 init
507 2574 527 2601 ».
541 2580 571 2590 -
585 2553 654 2603 ldenr
666 2553 753 2617 legere
766 2552 889 2604 volebat:
905 2573 914 2594 ι
929 2552 970 2601 cui
982 2552 1003 2602 si
1016 2565 1066 2602 non
1087 2552 1222 2602 cessissem
1239 2566 1267 2609 ις
1286 2550 1346 2600 ilal-

279 2643 344 2692 ntius
354 2642 455 2705 scripsit
469 2657 476 2690 ε
492 2664 501 2684 ι
515 2642 557 2691 coi
576 2642 625 2692 nisi
644 2642 817 2701 cessissem»,
834 2642 902 2706 quod
920 2640 1015 2691 malim.
1028 2668 1058 2678 -
1071 2640 1191 2692 omittam
1208 2640 1267 2703 suit,
1290 2648 1348 2704 post

280 2730 422 2780 «libertate
435 2730 528 2794 dignus
542 2751 563 2790 v,
580 2731 647 2795 quod
667 2730 774 2781 verbum
794 2731 988 2795 ambiguitatem
1007 2730 1098 2795 gignit,
1118 2736 1144 2781 et
1162 2729 1235 2780 facile
1255 2730 1346 2781 abesse

278 2826 370 2882 potest.
384 2847 414 2855 —
425 2819 439 2884 ᾖ
450 2819 490 2869 26.
504 2819 666 2883 Participium
679 2819 835 2883 inflammata
848 2819 909 2870 mibi
922 2820 1023 2871 videtur
1035 2833 1065 2870 er
1080 2819 1234 2883 glossemate
1251 2826 1344 2870 ortum.

277 2935 308 2945 —
320 2909 415 2971 Legaur
426 2922 484 2958 cum
496 2908 640 2959 Lambiuo:
656 2929 666 2951 «
680 2908 702 2959 si
715 2908 834 2959 tribunos
846 2908 879 2970 pl.
893 2908 984 2973 aliquis
1003 2909 1028 2959 in
1048 2922 1089 2959 me
1108 2907 1237 2972 populum,
1257 2916 1306 2959 etc.
1321 2926 1344 2971 s,

278 3011 323 3061 pro
335 2998 410 3048 codd.
423 2998 482 3048 lect.
496 3005 614 3061 corrupta
628 3015 641 3043 α
654 2997 848 3062 tribuniciaquis
860 2998 886 3048 iu
902 3011 943 3048 me
961 3012 1021 3062 pop.
1037 3019 1060 3048 ι.
1071 3026 1102 3036 -
1114 2999 1251 3049 Adsentior
1271 2998 1346 3050 Balio

278 3086 321 3150 qui
333 3087 418 3147 Quinti
431 3100 564 3150 personam
578 3087 716 3150 praeposuit
727 3088 814 3137 verbis
827 3102 834 3136 ε
849 3109 857 3130 ι
874 3087 929 3137 Scis
941 3087 1034 3146 solere,
1047 3087 1125 3137 irater
1127 3122 1185 3136 ......
1200 3087 1344 3150 prorsusittt

275 3183 316 3226 est
329 3197 349 3224 ι.
364 3178 417 3227 lton
431 3190 491 3227 vero
502 3176 556 3226 baec
570 3177 647 3227 verba
659 3177 731 3239 mibi,
745 3184 773 3227 ut
784 3176 843 3227 buic
855 3177 960 3241 egregio
972 3177 1073 3239 critico,
1086 3177 1166 3227 aliena
1186 3188 1200 3225 a
1221 3177 1343 3227 cicerone

277 3266 402 3316 videntur.
414 3292 445 3305 -
457 3267 511 3316 Non
522 3279 615 3330 sequar
626 3266 779 3329 Madvigium
791 3267 919 3329 legentem
933 3280 940 3314 τ
956 3286 966 3308 r
980 3266 1029 3317 Nec
1042 3279 1082 3316 me
1095 3265 1199 3316 hercule
1211 3279 1262 3329 ego
1282 3278 1343 3315 saue

275 3367 289 3403 a
302 3354 394 3415 Quinto
405 3362 493 3406 nostro
504 3355 628 3407 dissentio
642 3375 664 3417 ι,
677 3369 734 3419 quae
744 3355 770 3405 in
783 3369 827 3406 ore
841 3355 917 3406 Attici
931 3355 1018 3419 ponit,
1031 3368 1087 3405 nam
1100 3355 1230 3405 abundare
1243 3354 1344 3405 videtur

276 3457 344 3501 sorve,
358 3451 416 3506 post
426 3458 465 3493 me
475 3445 583 3504 lucrecio,
595 3453 622 3495 et
638 3445 776 3510 requiritur
796 3444 881 3505 Quinti
902 3458 1051 3508 responsum
1070 3445 1101 3495 ad
1121 3457 1149 3495 ea
1169 3457 1225 3508 quae
1244 3444 1344 3495 blarcus

277 3533 356 3591 dixit;
368 3532 454 3596 itaque
466 3532 568 3596 legam:
584 3556 593 3577 ι
609 3533 636 3594 Q.
650 3535 690 3586 Sic
701 3548 742 3586 me
758 3535 873 3586 ltercule.
894 3539 945 3585 Att.
960 3535 1010 3586 Nec
1030 3549 1079 3599 ego
1097 3548 1158 3585 sane
1170 3547 1184 3584 a
1197 3534 1225 3594 Q.
1239 3548 1265 3583 n.
1278 3535 1303 3585 d.
1320 3553 1343 3583 v.

307 3623 361 3685 llll,
375 3621 437 3686 §27-
454 3622 550 3686 Opinor
561 3622 696 3687 legendum
709 3637 782 3675 esse:
797 3639 894 3687 «quum
905 3639 951 3675 seu
964 3625 1079 3689 quoniam
1090 3624 1309 3675 senatuseilicitur
1320 3646 1341 3686 n,

278 3727 323 3774 pro
336 3714 404 3776 vulg.
417 3713 488 3777 quod,
502 3726 558 3777 quae
571 3713 691 3775 particula
703 3728 761 3764 cum
773 3714 830 3765 aliis
842 3716 936 3778 scepius
949 3723 1115 3779 permutatur,
1135 3729 1182 3765 nec
1201 3714 1263 3764 satis
1282 3728 1343 3776 per·

277 3799 363 3861 spicue
375 3803 400 3851 b.
414 3801 431 3851 l.
444 3802 628 3852 sententiarum
647 3803 740 3853 seriem
759 3802 863 3855 indicat.
876 3831 906 3839 —
918 3804 931 3866 ξ
942 3803 983 3854 28.
1003 3803 1083 3854 Codd.
1104 3803 1200 3852 bahent
1220 3809 1246 3851 ut
1262 3799 1343 3852 edidit

278 3886 357 3936 llalm.
370 3889 414 3951 qui
425 3893 498 3941 colon
511 3889 725 3953 circumscripsit:
740 3911 750 3933 ι
761 3899 787 3941 et
799 3891 889 3941 laterai
901 3900 928 3942 et
939 3900 966 3942 ut
980 3892 1041 3942 vitio
1052 3898 1138 3942 eareat
1150 3892 1214 3942 ordo
1222 3897 1249 3941 et
1259 3910 1280 3940 ».
1293 3890 1343 3940 Alii

277 3979 341 4041 alia3
359 3980 477 4042 equidem
493 3984 531 4033 sic
547 3984 646 4048 legam:
662 3983 803 4034 «Praeclara
816 3998 891 4043 vero,
905 3983 996 4048 irater,
1013 3985 1061 4035 ista
1074 3985 1114 4036 lex
1128 3994 1182 4046 est,
1194 3985 1236 4033 sed
1248 3984 1343 4047 [lapitri

278 4076 305 4119 ut
318 4070 379 4120 vitio
390 4078 475 4121 careat
486 4073 550 4124 ordo
561 4077 585 4124 et
596 4086 730 4124 censorem
741 4073 832 4137 quaerit
844 4073 1010 4137 interpretem
1025 4095 1045 4123 ».

305 4160 370 4221 lllll,
384 4159 397 4223 ᾗ
408 4160 447 4210 30.
465 4162 653 4213 correctionem
667 4163 736 4213 Bakii
748 4164 839 4213 iterato
852 4164 930 4214 verbo
941 4163 1067 4227 legentis:
1080 4143 1201 4227 «quodsi
1211 4171 1339 4223 tenemus,

279 4256 395 4299 tenemus
405 4249 488 4299 omnia
502 4269 516 4295 u
528 4252 619 4303 merito
632 4252 744 4303 Halmius
755 4251 865 4302 admisit.
879 4280 909 4290 —
921 4252 1017 4317 begam
1028 4267 1086 4303 curn
1097 4255 1216 4304 Turnebo
1229 4268 1236 4302 t
1254 4273 1265 4296 ι
1278 4251 1342 4315 etie-

278 4336 381 4386 rebatur
393 4338 466 4402 quusi
477 4340 682 4391 commodissime
694 4339 869 4404 respondisset
878 4360 889 4383 ι
899 4355 906 4402 ;
919 4341 942 4391 si
955 4341 1076 4393 voluisset
1087 4342 1184 4393 Tullius
1192 4340 1343 4404 rerbofere-

281 4425 350 4475 batur
364 4426 410 4487 uti,
429 4426 574 4491 scripsisset
597 4429 828 4483 «commodissime
846 4430 1045 4495 respondisse».
1059 4431 1212 4482 -lnseram
1230 4429 1264 4490 id,
1283 4435 1342 4479 ante
