3325 5159
310 552 344 606 td
532 546 573 609 De
588 559 702 605 rintaus
716 559 855 604 nouonuu
871 546 905 617 lt,
921 559 1045 617 aru-xvir,
1061 547 1156 605 tra-55.

308 685 387 735 nerito
398 684 456 747 feeit
468 698 523 735 voe.
535 685 599 735 rotie
616 698 662 747 pro
673 684 790 746 subiecto
798 697 806 743 3
815 649 954 747 requiritur
967 697 1021 735 voc,
1034 689 1133 744 natura,
1145 684 1213 748 quod
1225 684 1380 749 intelligitur

308 776 392 839 laeile,
413 776 452 826 uel
468 776 552 827 alieno
571 775 627 826 loco
645 775 756 838 positum
775 782 833 837 post
850 774 944 824 uerba:
957 793 969 819 ιι
984 788 1093 839 crtmque
1110 775 1171 833 iisn,
1183 776 1289 825 adduxit
1301 790 1377 827 usuum

308 878 365 915 unc.
381 865 454 915 ratio.
466 864 573 921 Tullius.
585 865 611 914 iu
623 863 724 918 Officiis,
736 863 754 922 Ι,
762 862 803 922 ii,
815 862 946 913 societatis
958 849 1082 926 originem
1094 868 1199 913 uolitare
1210 865 1312 928 tribuit,
1326 879 1376 915 nou

307 953 407 1011 retinui,
419 953 487 1017 quod
499 951 626 1015 signilleat
638 950 711 1014 paulo
723 952 787 1000 inira
802 951 864 1015 tto,
878 969 889 995 ι
906 958 933 1001 ιι
944 953 1063 1015 quoniam
1076 953 1162 1003 endem
1174 959 1265 1003 nutura
1273 955 1378 1018 cupidi-

308 1051 385 1093 tatem
401 1043 526 1106 ingenuit,
538 1049 590 1091 ete.
603 1066 634 1076 —
645 1042 658 1103 i
669 1040 709 1090 46.
722 1041 784 1090 sod.
795 1040 821 1089 B.
834 1041 929 1098 omittit
943 1042 1075 1104 malitium,
1088 1044 1156 1106 qttod
1168 1043 1260 1093 abesse
1279 1050 1374 1106 potest,

306 1137 350 1179 aut
362 1128 470 1179 tortasse
481 1139 647 1191 syuoupmurn
659 1126 775 1175 iniurium
787 1128 885 1190 gerruit.
893 1154 925 1163 -
936 1128 996 1178 Voc.
1014 1129 1077 1178 rotie
1094 1129 1268 1192 suspicionem
1280 1130 1374 1179 iterium

307 1224 402 1278 innuet,
416 1224 473 1278 post
484 1216 578 1274 eadem,
591 1222 617 1264 et
630 1213 712 1265 loetum
726 1222 814 1264 tenere
828 1216 929 1265 uidetur
948 1215 1019 1266 uocis
1030 1220 1133 1278 octana,
1146 1230 1202 1279 quae
1213 1217 1322 1281 intelligi
1336 1218 1375 1266 la·

303 1307 353 1356 cile
365 1313 459 1368 potest,
472 1303 510 1353 uel
524 1304 593 1353 uocis
604 1318 683 1361 ruem,
695 1317 752 1367 quae
764 1303 871 1352 tortasse
883 1304 946 1353 latet
957 1304 982 1352 in
996 1304 1117 1366 particula
1130 1305 1373 1369 euim‚quaelegitnr

304 1397 330 1445 in
342 1395 400 1446 cod.
411 1396 436 1443 Β.
449 1395 533 1443 Malim
545 1401 630 1444 nmen
640 1395 744 1457 legere:
757 1394 844 1443 «Mene
856 1394 924 1442 euim
937 1393 1024 1451 babet,
1036 1402 1087 1444 etc.
1098 1414 1111 1438 »
1406 1428 1410 1436 2

333 1483 566 1545 xv,§li.vixlerri
575 1489 668 1546 potest,
679 1490 706 1531 ut
715 1482 1005 1543 viditt'trnenttemsmt
1014 1480 1107 1532 latetur
1118 1482 1269 1544 Madvigius,
1279 1484 1369 1545 passi-

306 1585 364 1620 uum
384 1571 537 1633 reserantur,
554 1572 622 1620 inter
641 1570 770 1620 transitiva
789 1570 922 1619 metientur
942 1578 968 1619 et
987 1570 1137 1627 citantem
1156 1577 1233 1621 'naevo
1250 1572 1371 1635 equidem

305 1673 356 1710 uon
368 1660 564 1723 magisprrcam
578 1671 653 1722 quam
665 1659 725 1708 aliis
738 1658 792 1722 qui,
806 1657 895 1707 invitis
905 1658 1047 1720 codicibus,
1060 1659 1093 1708 ab
1108 1660 1252 1710 editoribus
1268 1661 1369 1710 exclusi

305 1756 374 1809 sunt,
386 1756 412 1799 et
424 1749 507 1812 legam
518 1747 637 1809 reserant.
645 1748 802 1798 -blonente
814 1747 1011 1811 Wesenbergio,
1023 1748 1134 1811 iladvig.
1149 1755 1175 1798 et
1188 1749 1280 1799 Baiter.
1292 1749 1374 1799 edum

307 1859 316 1880 ι
327 1838 376 1886 sub
389 1838 542 1886 liuueuueem
553 1856 574 1896 ι,
588 1850 633 1899 pro
647 1836 716 1886 «sub
724 1837 770 1886 boc
777 1850 834 1886 auec
843 1837 939 1900 »,quod
949 1836 1073 1899 legiturin
1082 1837 1183 1887 crunctis
1190 1837 1332 1888 codicibus.
1341 1866 1373 1875 -

302 1925 430 1988 §ibium
438 1924 580 1987 elegantiae,
594 1932 647 1973 turn
659 1924 824 1978 concinnitati
837 1923 930 1973 obesse
943 1924 1005 1974 mibi
1018 1924 1119 1975 uidetur
1130 1925 1257 1975 incisum:
1272 1940 1371 1989 «qurum

302 2013 328 2062 id
340 2025 354 2062 a
366 2012 529 2062 multitudiue
542 2011 659 2061 laudetur
669 2032 690 2072 »,
703 2012 798 2074 quippe
810 2011 878 2060 idem
889 2012 942 2073 iam
952 2012 1116 2062 enunciatnm
1129 2020 1178 2074 est,
1186 2020 1213 2063 et
1225 2012 1300 2075 {tardo
1312 2025 1371 2076 pust

303 2101 388 2150 denuo
395 2100 561 2165 significatur.
570 2099 690 2150 Editores
696 2100 728 2149 ad
736 2098 859 2148 Orellium
867 2112 948 2163 usque
958 2100 1032 2162 plene
1040 2090 1098 2163 post
1110 2100 1372 2165 laudeturdistingue-

304 2190 375 2250 bant,
393 2187 691 2251 argumentationemque
710 2186 764 2236 lere
783 2185 945 2248 rennuebant,
957 2187 1025 2250 quod
1037 2187 1179 2237 adduxerat
1189 2187 1215 2235 iu
1228 2188 1371 2238 cretionem

301 2276 447 2339 particulam
461 2280 554 2337 tomen,
567 2275 600 2325 de
611 2274 684 2337 cuijus
696 2274 753 2324 loco
763 2274 902 2333 dubitatur,
915 2281 942 2325 et
954 2288 1010 2339 quae
1022 2275 1130 2325 tortasse
1144 2275 1292 2338 particulam
1300 2279 1370 2326 enirn

251 2388 257 2404 ι
302 2364 412 2414 exclusit
428 2371 488 2413 ante
506 2364 536 2413 ob
553 2378 608 2413 eom
620 2377 730 2413 cuuecm.
742 2363 850 2413 Omissis
862 2363 941 2427 igitur
951 2364 1003 2414 illis
1015 2363 1114 2413 verbis:
1129 2376 1228 2427 «quum
1239 2364 1266 2414 id
1277 2376 1291 2413 a
1303 2365 1369 2415 mul·

299 2454 409 2503 titudine
426 2453 542 2503 lartdetur
551 2473 573 2513 ι,
590 2453 710 2517 equidem
723 2453 821 2516 legam:
836 2475 846 2497 ι
862 2461 914 2503 tum
927 2466 984 2504 esse
997 2466 1047 2502 non
1060 2460 1134 2516 turpe
1153 2454 1221 2517 quod
1234 2454 1268 2503 sit
1281 2453 1368 2517 ipsum

303 2554 388 2604 perse
400 2550 498 2593 rectum
508 2549 585 2606 atque
597 2541 739 2602 laudabile3
753 2555 803 2591 non
815 2542 883 2591 euim
894 2541 927 2591 ob
940 2554 996 2590 eam
1008 2554 1110 2591 calisam
1122 2541 1184 2592 illud
1196 2541 1248 2592 diei
1254 2555 1313 2592 esse
1321 2544 1370 2592 bo-

302 2638 413 2688 nestum,
431 2637 510 2681 ιιι.»
522 2631 633 2691 -550,
650 2630 720 2679 Scite
737 2630 853 2679 balterus
864 2630 1018 2681 current
1009 2637 1110 2693 negat
1123 2643 1199 2693 posse
1209 2645 1369 2691 terruere

300 2730 361 2767 uere
373 2725 460 2767 metuet
469 2730 523 2767 non
535 2717 654 2767 universe
665 2718 716 2766 dici
728 2718 892 2778 senteutiam,
904 2718 994 2768 sedati
1006 2718 1236 2825 Epicrrrumipsum
1248 2720 1363 2784 (saplen-

303 2806 365 2867 tem]
376 2805 503 2863 adbiberi,
516 2805 584 2867 quod
600 2805 694 2855 docent
706 2806 819 2868 proxima
833 2805 924 2856 rerba

331 2893 394 2953 itvt,
408 2894 470 2955 §bt
492 2892 598 2943 l‘rorsus
620 2892 751 2945 abundare
775 2894 837 2943 mibi
861 2894 982 2946 uidentur
998 2907 1088 2946 uoces:
1104 2894 1285 2947 «bisuerbis»
1274 2847 1369 2959 »‚post

302 2995 357 3032 voc.
371 2983 619 3045 sipnificobnutura-
627 2983 690 3045 §52
704 2983 1225 3047 omittuntoprtmieodieesunrerba.·
1215 2986 1369 3037 «siuidere-
1422 3023 1428 3034 .

301 3080 373 3134 tur»,
393 3080 451 3134 post
464 3072 605 3121 «excitaret
623 3071 663 3120 sui
674 3092 695 3120 ».
715 3071 829 3121 Halmius
845 3080 935 3123 censet
955 3073 1090 3136 legendum
1102 3086 1176 3124 esse:
1192 3075 1232 3123 «si
1243 3088 1368 3125 eernere·

301 3169 343 3211 tur
352 3176 374 3222 »3
382 3174 432 3224 ego
443 3162 483 3211 bis
496 3160 581 3210 uerbis
592 3159 665 3209 lacile
676 3173 763 3222 careo,
776 3174 859 3224 neqtte
872 3162 904 3212 iis
916 3175 980 3225 opus
991 3170 1033 3212 est
1042 3171 1101 3226 post
1112 3164 1366 3214 exclamationem.—

301 3250 364 3311 553.
382 3249 479 3299 Addam
491 3259 548 3297 cum
560 3248 602 3297 ed.
615 3248 709 3298 Veneta
722 3259 745 3297 a.
759 3250 830 3308 tl88,
846 3237 967 3301 mouente
979 3251 1116 3315 Madvigio,
1129 3258 1195 3315 part.
1209 3266 1295 3316 prtum,
1306 3260 1368 3307 ante

301 3337 394 3385 rerba:
409 3336 669 3385 «animieonseieutia
679 3355 700 3398 »,
713 3336 748 3387 ob
759 3340 812 3386 tum
822 3337 900 3387 etium
912 3351 967 3402 quae
979 3345 1134 3403 sequentum
1146 3339 1192 3389 sed
1200 3351 1301 3389 servem
1309 3353 1365 3390 voe.

298 3426 388 3483 citimi,
399 3424 467 3488 quod
480 3424 542 3474 milri
553 3424 622 3475 auris
635 3425 735 3475 uidetur
747 3425 870 3489 flagitare.
883 3454 914 3464 -
926 3427 1028 3478 Alienas
1039 3440 1097 3478 esse
1109 3428 1200 3491 opinor
1209 3442 1303 3479 uoces·
1315 3442 1366 3493 non

300 3515 395 3564 bouum
407 3534 428 3575 ι,
442 3513 467 3562 in
479 3513 572 3577 quibus
583 3514 679 3577 aliquid
690 3514 803 3578 ambigui
815 3514 892 3577 inest,
905 3522 932 3566 el
943 3528 1000 3580 quae
1010 3515 1233 3585 ntalecongruunt
1244 3530 1302 3567 cum
1313 3516 1367 3568 ior·

297 3603 364 3652 mula
378 3601 517 3666 «quicquid
526 3600 616 3652 lecerit
626 3585 733 3665 muttum
745 3610 830 3653 atatem
843 3604 924 3654 codex
938 3604 956 3653 B
968 3604 1012 3655 det
1023 3617 1122 3654 omnem
1134 3594 1189 3655 loeo
1204 3603 1275 3655 uerbi
1287 3618 1362 3668 opor·

297 3697 339 3753 tet,
351 3691 468 3753 suspicor
479 3690 616 3753 legendum
628 3702 704 3740 esse:
715 3703 766 3740 nou
778 3691 879 3741 omniuo
892 3692 1007 3743 ttmidum
1019 3700 1062 3743 ant
1073 3690 1294 3743 imbeciltoarlimo
1304 3692 1365 3757 tingi

297 3785 393 3845 oportet
403 3779 474 3829 illum
492 3779 583 3840 uirum,
603 3779 657 3842 qui,
670 3786 721 3828 etc.
733 3799 783 3822 ι-
794 3780 806 3841 §
817 3780 859 3829 at.
873 3781 989 3832 Fortasse
1001 3780 1155 3844 legendum:
1170 3780 1318 3843 «proiectus
1328 3786 1365 3831 eat

298 3871 323 3918 io
336 3868 454 3918 exsilium
465 3868 579 3918 Tubulus
590 3867 685 3925 statim,
697 3880 749 3917 non
761 3868 919 3931 respondere
931 3880 1008 3918 ausus
1018 3888 1040 3917 ».

328 3956 402 4016 xvtt,
414 3957 439 4020 ἕξ
451 3956 531 4007 5556.
545 3956 661 4007 alienum
674 3955 757 4007 loetum
770 3957 805 4020 (iu
818 3958 830 4019 §
842 3957 882 4020 56)
894 3958 1059 4021 occupavisse
1071 3958 1133 4007 nribi
1145 3957 1364 4008 uideturseuten-

298 4046 346 4096 tia:
361 4046 408 4096 «Si
419 4049 526 4111 magnati
534 4059 586 4108 res,
599 4059 688 4110 magna
701 4046 832 4100 hereditas
842 4054 942 4111 agetur,
955 4061 1033 4112 quum
1046 4048 1152 4110 pecunia
1165 4045 1364 4111 uoluptatespa-

298 4138 395 4187 riantur
412 4136 527 4199 pturlmae
537 4157 558 4198 »,
571 4137 639 4200 quod
657 4135 822 4186 confirmatur
834 4137 988 4199 optimorum
1004 4137 1121 4188 codicum
1138 4137 1304 4204 tectiuetjui
1317 4137 1365 4187 bn-

296 4225 358 4275 beut
371 4217 505 4289 «idemque
521 4225 571 4274 erit
591 4225 710 4287 Epicureo,
722 4232 773 4275 etc.
785 4239 806 4286 »;
820 4225 888 4275 unde
907 4232 977 4287 patet
995 4223 1147 4289 verbaque
1156 4233 1300 4289 sequuntur
1312 4239 1362 4275 nou

251 4323 254 4328 ’
296 4316 424 4379 prioribus
434 4314 585 4375 conventam
597 4314 717 4364 idoneum
731 4326 791 4364 uero
802 4313 930 4364 obtinebit
943 4313 1026 4365 locum
1034 4313 1090 4365 bne
1103 4312 1264 4365 sententiasi
1277 4321 1363 4364 trans-
