3325 5159
529 567 569 620 ltu
583 578 697 621 rrvreus
712 579 849 623 eououuu
865 568 911 635 ll,
927 579 1038 637 xvv-xv,
1053 569 1148 624 :ld-li.
1335 567 1368 623 ta

303 703 361 752 cod.
377 703 410 750 B:
432 702 499 750 «Sic
516 701 577 750 nihil
597 702 622 750 in
642 714 674 752 eo
690 702 757 764 quod
770 703 952 764 perficiendum
971 710 1046 764 est»,
1067 705 1134 753 unde
1148 706 1260 753 Baiterus
1272 703 1368 755 edidit:

305 814 315 864 e
330 795 356 843 Si
369 794 432 842 nihil
445 794 470 842 in
483 808 512 842 eo
524 793 610 855 peri.»
635 794 792 857 Madvigius:
814 795 861 844 «st
879 794 941 844 nillil
960 796 986 844 iu
999 810 1047 859 quo
1065 810 1089 858 p.
1100 815 1113 841 r
1125 795 1181 845 scil.
1202 816 1212 838 ι
1227 798 1252 845 in
1267 798 1368 846 animali

303 880 388 943 aliquo
403 901 415 923 ι
428 879 467 944 (i).
481 880 580 929 Malim:
599 880 815 944 -1nqu0svninu
833 882 897 944 peri.
914 902 923 924 ι
936 883 993 932 scil.
1008 905 1017 927 e
1032 884 1134 933 lromine
1146 884 1178 934 de
1190 898 1241 948 quo
1252 884 1336 947 agitur
1347 903 1368 931 ι.

304 968 383 1018 Error
395 968 493 1017 librarii
508 969 551 1030 qui
563 968 665 1030 scripsit
676 969 701 1017 iu
714 983 762 1031 pue
776 977 833 1031 post
844 971 953 1027 univit,
973 971 1090 1021 lectionis
1103 971 1208 1033 vulgatae
1220 972 1368 1033 pravitatem

303 1056 418 1106 adduxit.

333 1144 397 1204 lllV,
410 1144 424 1208 5
435 1145 476 1194 36.
494 1144 643 1207 legendum
654 1145 745 1208 opinor
767 1167 777 1189 a
792 1154 919 1209 tamquam
932 1148 964 1198 de
977 1148 1045 1196 lacni
1055 1147 1140 1210 aliquo
1152 1147 1323 1210 loquantum,
1342 1157 1369 1196 ut

304 1233 359 1294 lpse
370 1233 480 1295 scriptor
492 1240 580 1283 monet
591 1232 666 1295 paulo
677 1233 752 1283 inlra.
766 1234 874 1284 Codices
885 1236 946 1284 dant
958 1248 1004 1284 seu
1021 1255 1032 1279 a
1046 1237 1073 1283 itt
1084 1235 1187 1284 animoli
1197 1236 1282 1300 aliquo
1296 1255 1305 1277 ι
1323 1249 1368 1285 seu

306 1341 316 1362 ι
329 1320 357 1369 tn
369 1320 454 1369 annuli
466 1333 516 1384 quo
530 1335 559 1381 »ς
573 1321 715 1384 Madvigius
728 1337 734 1369 ι
750 1341 760 1365 «
775 1322 808 1371 de
820 1322 933 1372 inanimo
945 1323 1030 1386 aliquo
1042 1345 1063 1372 ι.
1076 1349 1106 1361 -
1118 1324 1241 1374 Particula
1253 1324 1297 1383 ita,
1311 1331 1370 1373 aute

304 1408 397 1457 rerba:
416 1426 427 1448 ι
442 1415 535 1471 praeter
545 1408 657 1457 animum
670 1408 731 1458 nillil
743 1415 834 1459 curant
848 1429 870 1471 »‚
889 1409 970 1459 alicua
985 1411 1097 1468 videtur,
1108 1411 1226 1474 quoniam
1240 1412 1298 1460 lruie
1311 1412 1371 1460 nul-

303 1495 354 1545 lum
371 1500 398 1545 vt
410 1496 565 1558 respondet;
580 1496 626 1545 scd
638 1503 724 1558 aptum
737 1496 866 1546 obtineret
878 1496 963 1547 locum
974 1505 1033 1548 ante
1047 1516 1059 1542 u
1073 1505 1101 1547 ut
1112 1511 1144 1548 ne
1157 1499 1179 1548 is
1190 1498 1293 1562 quidem
1305 1520 1324 1544 ι.
1339 1527 1368 1533 -

302 1583 365 1644 §37-
383 1583 478 1646 Legam
494 1596 551 1632 cum
571 1583 672 1632 Davisio
692 1590 719 1633 et
739 1584 879 1633 Ernestio:
899 1584 951 1635 uid
964 1593 1004 1635 est
1018 1585 1044 1634 in
1057 1586 1151 1635 virtute
1164 1586 1262 1636 locatur
1277 1606 1302 1645 »‚
1322 1601 1368 1649 pro

302 1671 430 1728 laudatar,
447 1671 515 1734 quod
528 1677 615 1720 tuetur
629 1671 770 1734 Madvigius
782 1670 877 1721 oblitus
889 1685 978 1722 corum
989 1686 1046 1735 quae
1058 1674 1131 1735 paulo
1143 1685 1219 1736 supra
1233 1674 1368 1737 leguntur:

302 1777 316 1803 er
330 1760 411 1809 virtus
430 1759 583 1808 altissimum
601 1758 684 1809 locum
704 1760 729 1808 in
750 1760 854 1810 homine
873 1767 953 1829 tenet.
972 1781 982 1803 ι
1008 1761 1080 1811 conl.
1100 1761 1160 1811 Lael.
1180 1762 1192 1824 ς
1212 1762 1257 1812 llll
1276 1760 1319 1810 lin.
1338 1790 1369 1797 -

301 1847 364 1909 tas.
376 1847 496 1897 Fortasse
508 1847 598 1897 Cicero
610 1847 748 1909 scripserat
761 1863 767 1896 :
790 1869 800 1890 ι
814 1848 846 1898 Ut
858 1849 884 1897 itt
895 1848 994 1898 cultura
1006 1848 1095 1898 vitium
1110 1869 1137 1910 ι,
1154 1861 1210 1913 quae
1223 1848 1369 1911 propositio

301 1951 316 1986 a
328 1937 440 1987 librariis
451 1950 584 2000 perperam
601 1944 696 1987 mutata
708 1936 756 1987 luit
768 1938 794 1987 in
812 1938 848 1996 ei,
867 1946 896 1988 ut
916 1939 987 2000 prior
997 1940 1125 1990 sententia
1142 1941 1283 2002 interrupta
1296 1940 1370 1990 vide-

302 2029 373 2071 retur
384 2029 411 2071 et
422 2021 534 2072 oriretur
545 2018 714 2072 ἀνακόλουθον.
733 2021 783 2071 Sed
796 2023 920 2073 orationis
928 2023 1096 2073 mutationem
1108 2024 1171 2074 satis
1185 2032 1271 2075 tuetur
1283 2037 1372 2087 paren·

302 2107 391 2158 thesis.
412 2134 442 2143 -
460 2106 579 2155 omittam
599 2117 654 2156 voc.
667 2107 752 2156 vitium
770 2115 827 2169 post
844 2121 921 2158 voces
940 2108 1008 2158 «illa
1027 2108 1125 2158 cultura
1141 2128 1167 2165 ·.
1194 2110 1369 2169 strnounic,

302 2194 368 2243 iuter
380 2193 493 2242 omnibus
511 2201 538 2243 et
553 2194 682 2257 portibus,
695 2194 739 2244 ubi
751 2202 820 2245 certe
831 2196 972 2246 abundant.
985 2224 1015 2232 -
1028 2197 1040 2258 5
1051 2196 1090 2246 39.
1106 2197 1230 2258 Baiterus‚
1248 2204 1369 2247 monente

301 2281 502 2344 Wesenbergio‚
520 2281 582 2344 legit
603 2282 731 2330 «latonam
744 2282 979 2342 inconstantiam»,
995 2292 1083 2334 contra
1099 2285 1203 2335 codices
1215 2286 1258 2348 qui
1274 2286 1371 2336 habent

302 2382 403 2428 aarum
416 2368 521 2418 minime
534 2382 659 2432 repugno.
668 2369 822 2432 -Plerique
835 2371 939 2420 codices
950 2372 1012 2421 dant
1024 2384 1079 2421 voc.
1092 2375 1212 2435 luentem,
1226 2381 1284 2435 post
1293 2374 1368 2423 verba

304 2479 313 2501 a
327 2460 409 2521 ipsam
421 2459 497 2508 etiam
509 2458 649 2508 virtutem»
663 2458 730 2521 quod
744 2459 888 2508 omiserunt
899 2459 982 2509 critici
993 2474 1000 2520 ;
1016 2460 1080 2509 milti
1093 2474 1153 2511 vero
1165 2462 1257 2512 deesse
1271 2462 1371 2512 videtur

300 2545 488 2595 substantivum
501 2546 567 2595 unde
580 2545 708 2607 pendeant
724 2546 831 2607 genitivi
850 2560 937 2595 carum
949 2560 1047 2605 rerum,
1066 2559 1122 2610 quae
1135 2548 1175 2596 vix
1187 2557 1371 2598 construuntur

300 2648 358 2685 cum
374 2648 430 2685 voc.
443 2634 574 2692 structam,¹
587 2634 673 2697 itaque
686 2634 769 2698 legam
781 2634 863 2696 inilia,
876 2642 904 2684 ut
915 2635 970 2698 ipse
982 2635 1078 2685 Tullius
1089 2637 1201 2699 loquitur
1212 2638 1224 2699 §
1235 2637 1275 2686 46.
1293 2638 1369 2686 lacet

301 2725 430 2774 Baiterus.

332 2813 383 2874 XV,
396 2814 408 2876 ς
420 2814 459 2863 to.
474 2814 499 2861 ln
512 2813 645 2862 codicibus
657 2814 767 2876 legitur:
787 2835 796 2854 a
811 2815 871 2863 llam
884 2815 907 2862 sl
922 2815 1025 2864 omnino
1038 2827 1081 2863 nos
1094 2813 1246 2876 negligimus
1262 2832 1283 2867 »,
1301 2810 1368 2872 qnod

301 2915 351 2951 nou
364 2909 449 2964 potest
460 2901 625 2961 satisfacere3
641 2902 757 2951 Bremius
769 2902 876 2951 mutavit
887 2915 930 2950 uos
942 2902 969 2951 in
983 2916 1021 2962 ca,
1034 2914 1108 2966 quam
1121 2899 1309 2950 correctionem
1323 2899 1371 2947 ad-

300 2989 369 3039 misit
387 2990 519 3048 Baiterus3
538 2989 679 3052 Madvigius
696 3002 752 3039 voc.
765 3002 809 3038 noa
826 2988 904 3039 obelo
923 2988 1048 3052 signavim
1070 2988 1131 3037 milri
1150 3001 1211 3037 vero
1234 2987 1369 3049 legendum

300 3078 410 3134 ridetur,
422 3090 454 3126 ex
467 3077 481 3141 §
493 3078 537 3138 tl,
550 3082 681 3136 naturam,
699 3077 772 3126 cuius
783 3076 964 3138 compendium
977 3075 1052 3125 lacile
1069 3074 1183 3124 habitum
1196 3073 1243 3123 luit
1256 3087 1302 3135 pro
1315 3087 1370 3122 voc.

299 3180 359 3220 noa.-
378 3174 405 3216 et
423 3164 507 3213 inira:
531 3166 595 3214 «siu
615 3180 671 3214 com
690 3178 740 3215 nou
759 3165 829 3227 uegl.
841 3184 850 3206 ι
864 3191 894 3201 -
907 3163 1039 3213 Geminam
1058 3161 1249 3213 conclusionem
1270 3165 1371 3221 praestat

301 3253 378 3303 lectio
392 3256 491 3317 vulgata
511 3262 568 3316 post
584 3254 754 3304 senteutiam:
777 3276 787 3297 ι
801 3266 853 3303 uon
866 3252 973 3303 multum
986 3251 1019 3302 ab
1031 3250 1106 3301 Erilli
1117 3250 1220 3300 levitate
1237 3247 1371 3297 alternabi-

299 3354 357 3391 mus
371 3364 399 3404 ι,
426 3342 460 3392 olt
480 3341 616 3404 repetitum
637 3342 721 3397 enim‚·
741 3341 827 3391 malim
846 3354 910 3404 ergo
929 3340 1032 3402 legere:
1058 3339 1239 3401 odrtarumqtte
1262 3336 1370 3384 vitarum

300 3429 374 3479 nobis
383 3437 458 3480 erunt
469 3430 584 3479 instituta
596 3429 719 3491 capienda
730 3443 737 3489 ;
748 3428 810 3478 iacit
821 3428 890 3478 enim
898 3428 953 3487 ille,
966 3434 1015 3477 ete.
1027 3448 1038 3470 ι
1047 3455 1076 3463 -
1084 3428 1097 3489 §
1105 3428 1144 3475 ll.
1161 3425 1369 3476 «Dubitatioucrn

299 3517 376 3567 habet
394 3531 441 3568 vox
461 3524 566 3582 ceptus,
590 3530 646 3581 quae
663 3525 755 3579 praeter
771 3517 838 3567 lurnc
852 3517 935 3567 locum
954 3516 1022 3579 apud
1041 3528 1118 3565 uuum
1140 3515 1247 3565 Statium
1270 3522 1369 3576 poetam

297 3605 378 3655 semel
392 3606 511 3670 legitur»
531 3605 647 3655 Mauvrc.
667 3605 753 3668 ltaque
765 3604 903 3667 legendum
916 3605 1007 3667 opinor
1018 3607 1116 3658 titolata,⁸
1136 3615 1193 3651 nam
1206 3603 1261 3664 lpse
1275 3600 1371 3651 Tullius

296 3693 387 3742 scribit
395 3692 543 3755 iolra‚§dl:
556 3693 670 3755 «qulbus
680 3699 824 3742 commotus
836 3690 1182 3754 sapiensappeteretaliquid
1195 3710 1218 3736 ι,
1232 3689 1370 3738 Litteracm

300 3788 372 3829 vetus
385 3779 465 3830 lorma
478 3780 551 3829 facile
563 3779 767 3831 confundebatur·
778 3793 838 3829 cum
849 3793 886 3829 co.
899 3807 928 3815 -
940 3779 1024 3829 Verba
1042 3786 1124 3829 «aute
1141 3776 1344 3840 explanationem
1362 3796 1369 3814 u

299 3881 344 3918 seu
358 3887 371 3912 u
384 3878 442 3918 ante
455 3868 653 3930 explicationem
668 3886 697 3927 ι,
710 3879 766 3929 quae
778 3868 897 3929 leguntur
909 3868 935 3915 lu
948 3866 1094 3925 codicibus,
1107 3865 1170 3914 milri
1181 3862 1266 3925 spuria
1280 3861 1372 3911 viden·

302 3951 361 4016 tur·;
379 3956 433 4019 ipsa
450 3957 568 4006 lectionis
586 3956 696 4005 varietas
714 3954 830 4005 scholion
848 3953 942 4017 prodit.
955 3982 985 3989 —
998 3954 1009 4016 5
1022 3953 1062 4004 tt.
1075 3952 1168 4015 Optimi
1180 3950 1256 4001 codd.
1275 3949 1372 3999 liabent

300 4053 312 4079 ¹¹
326 4046 410 4094 omnia
422 4058 478 4107 quar
491 4053 583 4108 praeter
597 4044 655 4093 virt.
672 4064 681 4084 ι
695 4051 723 4093 ιιι
734 4043 839 4105 scripsit
852 4043 945 4105 Baiter,
963 4056 1021 4093 cum
1034 4042 1176 4105 lladvlgi03
1194 4040 1270 4090 codd.
1292 4040 1372 4103 pleri·

298 4147 348 4196 que
361 4132 457 4182 habent
474 4137 666 4197 «quapropter
681 4155 702 4181 ι.
722 4132 834 4182 Orellius
853 4132 934 4181 edidit
951 4150 962 4175 α
978 4138 1082 4193 propter
1100 4144 1156 4192 quoe
1170 4142 1199 4189 ·;
1218 4142 1267 4192 ego
1285 4128 1369 4177 malim

300 4239 310 4261 «
322 4234 368 4281 per
380 4234 436 4282 quae
451 4240 472 4280 ·‚
490 4221 558 4283 quod
572 4221 663 4269 mellus
675 4220 808 4282 scriptoris
821 4220 901 4269 menti
915 4219 1061 4281 respondet.
1075 4217 1229 4280 sompeudia
1243 4214 1367 4278 praeposi-

300 4305 396 4355 tionum
407 4320 462 4369 per,
472 4311 572 4369 preater,
583 4311 691 4369 propter,
706 4306 834 4354 simillima
847 4312 915 4354 sunt.
