3325 5159
595 617 638 676 be
655 618 949 689 uncrnnsll,vur-x1,
966 619 1061 676 to-au.
1311 617 1364 674 too

299 757 387 820 lepram
402 757 499 808 lialmio
511 757 638 821 glossema
650 756 759 807 ridetur.
772 784 803 793 -
814 757 906 807 Contra
918 756 1030 819 codices,
1039 755 1083 820 qui
1091 755 1187 807 babent
1197 776 1207 799 ι
1217 754 1239 805 si
1244 757 1330 819 potero
1340 773 1362 817 o,

299 845 380 896 edidit
394 846 473 896 Halm.
489 866 500 889 ι
513 846 536 896 si
545 849 649 910 potuero
661 866 681 905 ι,
695 847 762 907 quod
775 846 845 910 piget
858 846 962 896 Balium
972 846 1116 897 admisisse.

330 934 394 997 Vlll,
407 935 419 997 ξ
431 935 469 984 19.
483 934 578 997 Opinor
589 932 726 999 legendum
738 947 806 998 esse,
819 941 848 985 ut
860 933 921 999 §aa
934 935 1092 998 olieulperroa,
1103 949 1148 998 pro
1156 934 1269 984 odoenus.
1278 961 1308 970 —
1316 934 1365 984 Se·

299 1026 385 1089 quitur
396 1025 509 1076 Halmius
522 1025 703 1075 Buecbelerum
716 1034 742 1076 et
750 1026 1081 1091 llommseniumlegentes:
1097 1047 1106 1068 ι
1117 1040 1149 1076 ne
1157 1033 1277 1077 monento
1287 1044 1310 1088 u,
1319 1038 1365 1088 pro

299 1115 375 1168 codd.
387 1115 447 1165 lect.
459 1121 579 1173 urooento,
592 1115 700 1166 Orellius
711 1116 804 1179 aliique
815 1117 888 1166 editt.
902 1120 1028 1167 amovento
1040 1129 1098 1167 cum
1110 1114 1282 1166 deterioribus
1290 1115 1364 1166 codd.

301 1229 333 1240 -—
346 1204 439 1268 begam
450 1217 507 1255 cum
521 1205 597 1255 Balio
610 1220 617 1253 ε
631 1205 734 1268 «itaque
746 1205 783 1255 uti
794 1206 887 1255 cadat»
900 1220 907 1267 ;
921 1205 1005 1269 itaque
1017 1204 1059 1255 bie
1071 1204 1138 1254 valet
1150 1204 1229 1253 etita.
1241 1231 1271 1241 -
1284 1202 1368 1253 inclu-

302 1293 337 1342 sit
348 1292 439 1356 lirim,
454 1293 530 1343 Balio
543 1300 663 1344 monente
676 1309 683 1342 :
698 1313 708 1337 ι
723 1293 871 1344 sacerdotes
884 1293 985 1356 publice
1001 1312 1022 1343 ι.
1035 1320 1066 1329 -
1082 1292 1144 1356 §aa
1162 1292 1258 1355 Opinor
1274 1292 1367 1356 legen-

303 1382 364 1432 dum
376 1395 442 1440 esse.
457 1390 484 1433 ut
495 1395 571 1446 supra
584 1398 591 1431 r
607 1404 617 1426 ι
630 1383 712 1447 itopae
724 1386 752 1432 ot
765 1383 889 1434 committi
902 1383 983 1447 possit
995 1381 1037 1450 [ad
1049 1396 1105 1434 eam
1117 1396 1172 1433 rem
1184 1377 1292 1449 ratione]
1304 1396 1367 1433 cur·

302 1485 347 1522 sus
357 1484 455 1523 annuos
467 1474 614 1524 sacerdotes
622 1473 720 1538 publice
733 1472 840 1524 liniunto
855 1487 884 1534 1·;
897 1473 934 1523 sio
947 1473 1042 1523 larunae
1054 1473 1125 1524 locus
1145 1486 1195 1523 non
1214 1472 1274 1533 erit,
1291 1484 1367 1536 quam

303 1557 480 1620 suspicabatur
492 1558 673 1615 Ruecbelerns.
685 1566 711 1609 et
730 1554 841 1633 ἔμὸλημα
855 1578 868 1605 «
881 1546 1029 1609 sacerdotes
1048 1558 1148 1622 publice
1163 1579 1174 1600 »ι
1194 1571 1268 1608 suum
1284 1556 1368 1608 locum

304 1642 440 1694 obtinebit.
453 1643 535 1693 Verba
549 1664 559 1686 ι
572 1644 604 1694 ad
616 1656 673 1694 eam
685 1657 739 1695 rern
751 1658 794 1694 eeu
807 1644 931 1695 rationem
946 1663 957 1687 υ
969 1644 1095 1708 glossema
1112 1648 1173 1693 sunt
1188 1642 1255 1706 coni.
1274 1642 1367 1707 itaque.

303 1759 335 1767 -
346 1732 444 1795 Sequar
456 1732 582 1783 Halmium
594 1734 678 1784 locum
690 1741 838 1797 corruptum
850 1735 887 1784 sic
905 1734 1086 1798 corrigendum
1106 1745 1163 1782 esse
1181 1731 1368 1794 suspicantem:

302 1839 313 1864 ι
328 1821 381 1882 Quo
393 1833 498 1885 queque
510 1823 586 1873 modo
598 1835 669 1872 sacra
681 1824 797 1885 privatim
810 1824 858 1873 rite
871 1822 931 1874 liant
943 1822 1061 1873 discutito
1075 1835 1102 1882 »3
1115 1820 1245 1880 omittens,
1262 1826 1368 1870 auctore

305 1910 472 1973 Buechelero,
490 1912 566 1962 verba
585 1930 597 1957 u
610 1921 637 1962 et
656 1912 756 1976 publice
772 1933 782 1956 »
804 1926 860 1976 quae
879 1913 921 1962 bie
938 1912 1021 1962 aliena
1039 1918 1108 1961 sunt.
1126 1938 1147 1947 -
1163 1909 1311 1960 Mommsen.
1330 1909 1370 1959 le·

304 2000 416 2064 gendum
428 2013 486 2051 esse
498 2002 596 2052 monuit
609 2017 616 2049 ε
631 2021 641 2044 ι
655 2014 712 2065 que
730 2014 820 2052 eorum
839 2007 943 2051 senatus
957 2020 978 2061 »‚
1000 2013 1045 2063 pro
1064 2013 1178 2065 quorum.
1191 1998 1282 2049 -Pro
1301 1995 1369 2061 vulg.

302 2092 396 2151 posteo,
409 2088 490 2139 lllotz.
504 2096 530 2139 et
542 2089 623 2141 Halm.
636 2090 724 2153 legunt
735 2093 837 2149 orento,
851 2088 1017 2154 Feldbuegel.
1027 2092 1150 2153 portento.

338 2177 404 2240 tx‚§
422 2177 463 2227 it.
480 2178 601 2241 Suspicor
620 2163 756 2244 legendum
775 2192 854 2229 esse:
876 2179 1067 2238 «induciarum,
1085 2181 1215 2242 pactorum
1235 2175 1334 2227 letiales
1349 2197 1370 2226 ι.

306 2266 384 2317 Codd.
398 2266 494 2317 habent
505 2272 648 2323 matorum,-
661 2268 802 2331 Madvigius
818 2268 885 2330 conj.
903 2273 1027 2319 rotarum.
1039 2294 1070 2306 -
1082 2267 1197 2317 Davisius
1213 2281 1244 2317 ex
1261 2266 1370 2329 quodam

306 2354 395 2404 codice
407 2354 474 2417 conj.
489 2378 498 2398 ι
512 2356 561 2405 duo
572 2364 647 2407 sunto
661 2371 691 2417 ν,
703 2357 779 2407 codd.
792 2364 846 2420 opt.
861 2378 871 2399 «
886 2371 936 2406 non
946 2364 1023 2408 sunto
1038 2376 1058 2404 ».
1072 2357 1191 2407 Fortasse
1202 2355 1305 2417 scripsit
1315 2352 1372 2404 Ful-

306 2444 375 2494 lius:
390 2464 401 2489 ι
414 2445 513 2496 fetiales
526 2445 640 2496 vindices
657 2446 754 2497 iudices
772 2460 822 2498 non
839 2454 924 2498 sunto.
938 2474 968 2483 -
981 2445 995 2511 5
1006 2446 1045 2496 bi.
1064 2446 1154 2497 Alieno
1172 2446 1230 2497 loco
1247 2445 1371 2495 insertum

295 2531 385 2603 ‚fuisse
397 2534 513 2597 suspicor
524 2535 618 2588 colon:
639 2537 729 2600 «quod
742 2536 798 2587 sine
815 2536 942 2587 curriculo
961 2542 987 2587 et
1005 2536 1062 2586 sine
1077 2535 1218 2586 certatione
1237 2547 1371 2597 corporum

308 2620 352 2671 liat
364 2640 387 2683 ι,
400 2629 426 2671 et
439 2631 496 2684 post
509 2624 614 2673 verbum
625 2624 744 2687 lunpunto
757 2623 961 2674 transferendum
973 2636 1048 2684 esse;
1061 2622 1128 2674 coni.
1143 2622 1205 2685 §38-

338 2709 369 2770 Χ,
382 2711 393 2772 ξ
405 2710 445 2761 23.
464 2711 556 2775 begam
572 2726 630 2763 cum
647 2712 744 2763 Balio:
766 2733 777 2758 ι
791 2720 875 2765 tamen
894 2717 963 2762 erant
981 2711 1035 2763 iere
1049 2730 1071 2770 o,
1092 2725 1137 2775 pro
1159 2711 1226 2775 vulg.
1246 2714 1328 2762 erunt.
1340 2735 1371 2748 -

308 2800 371 2863 §it
384 2801 467 2853 Malim
479 2803 566 2866 legere
578 2817 635 2853 cum
647 2804 704 2854 cod.
719 2804 861 2854 Burneiano
874 2820 880 2851 :
897 2825 906 2847 «
919 2811 995 2867 atque
1008 2803 1061 2853 lime
1074 2815 1130 2853 mea
1148 2803 1273 2853 sententia
1289 2809 1330 2853 est
1342 2816 1372 2862 »ς

308 2889 374 2951 conj.
389 2892 487 2954 quidem
498 2891 591 2955 legitur
603 2905 677 2941 versu
689 2892 821 2955 superiore
839 2899 865 2942 et
881 2892 1012 2953 inferiore,
1032 2893 1100 2943 unde
1117 2892 1143 2942 in
1162 2892 1271 2943 alienum
1288 2891 1371 2943 locum

308 2980 420 3043 irrepsit.
433 3008 463 3017 -
476 2981 593 3031 Fortasse
606 2981 718 3031 baerebat
730 2982 840 3045 scriptor
850 2982 1073 3033 interalterntram
1082 2980 1197 3043 formam,
1206 2994 1267 3032 seu:
1282 2988 1372 3032 «casto

308 3081 416 3132 corpore
433 3070 575 3131 adeatur»,
595 3083 660 3120 seu:
681 3077 775 3120 «casta
795 3057 902 3133 corpora
921 3070 1090 3121 adhibeantur
1104 3090 1125 3118 ».
1143 3096 1167 3105 -
1189 3068 1254 3133 526.
1274 3069 1373 3132 begere

310 3158 394 3208 malim
409 3175 415 3208 :
432 3160 519 3210 uillam
530 3173 544 3208 a
557 3159 670 3222 patribus
683 3167 801 3224 acceptos
813 3161 877 3211 deos
888 3161 922 3209 ita
935 3160 1018 3223 placet
1030 3159 1089 3221 coli,
1102 3163 1130 3209 ut
1143 3159 1200 3208 buic
1213 3158 1263 3222 legi
1280 3171 1374 3222 parue-

310 3255 370 3298 runt
380 3248 439 3311 ipsi.
452 3249 504 3297 iam
516 3249 622 3300 delubra
633 3263 691 3300 esse
703 3250 729 3299 in
742 3250 850 3300 urbibus
861 3263 965 3312 censeo,
979 3256 1029 3299 etc.
1041 3270 1062 3298 ι.

341 3337 382 3386 xl.
397 3337 517 3400 Suspicor
529 3338 554 3387 in
567 3339 644 3389 uerbo
661 3343 781 3398 cerneret,
802 3338 870 3402 quod
890 3338 984 3403 legitur
1001 3338 1027 3387 in
1046 3338 1121 3390 codd.
1142 3351 1189 3389 nec
1209 3338 1258 3388 nisi
1277 3338 1375 3389 scribas

309 3413 436 3474 cernerent
448 3438 494 3475 seu
506 3430 675 3483 cernerentur,
686 3426 773 3477 addito
785 3440 847 3491 pue,
860 3426 969 3490 intelligi
981 3432 1076 3489 potest,
1085 3426 1163 3477 latere
1171 3427 1276 3477 verbum
1286 3428 1373 3486 censet,

310 3515 377 3576 quod
390 3514 463 3564 deest
474 3522 533 3563 ante
549 3515 634 3563 Flmlee
645 3522 671 3565 et
682 3515 755 3578 cujus
767 3515 849 3565 locum
863 3514 984 3577 particula
997 3515 1062 3580 quod
1073 3515 1220 3579 usurparit;
1237 3514 1323 3578 itaque
1334 3515 1374 3565 le-

310 3616 369 3663 gam
382 3618 388 3651 :
404 3623 414 3645 «
428 3610 454 3653 et
465 3609 555 3652 censet
567 3602 657 3653 Thales
659 3638 737 3653 ........
752 3602 870 3654 bomines
882 3604 1030 3654 existimare
1043 3612 1163 3667 oportere
1175 3603 1258 3655 omnia
1270 3603 1375 3653 deomm

311 3705 369 3743 esse
388 3692 461 3757 plena
475 3712 497 3741 ι.
518 3720 548 3728 -
560 3693 678 3743 Fortasse
697 3692 793 3743 Tullius
813 3694 935 3757 scripsit:
958 3694 1029 3744 «Est
1049 3694 1117 3743 enim
1135 3694 1259 3757 quaedam,
1280 3692 1374 3756 opinor,

264 3814 267 3819 -
311 3782 413 3845 species
425 3784 531 3833 deorum
543 3783 569 3832 in
582 3781 672 3845 oeulis,
685 3782 824 3832 nonsolum
834 3782 860 3831 in
869 3782 997 3833 mentibus
1006 3801 1028 3843 u,
1042 3796 1088 3845 pro
1096 3783 1252 3846 opinione.-
1261 3779 1316 3842 §ib
1326 3779 1376 3829 Le·

311 3873 424 3935 gendum
436 3886 493 3924 esse
505 3886 615 3924 censeo:
630 3892 639 3915 ‹
651 3873 718 3923 Bene
731 3885 792 3923 vero
804 3872 872 3936 quod
885 3871 956 3921 biens
959 3906 1007 3921 .....
1020 3871 1097 3923 Fides
1108 3876 1272 3923 consecratur
1283 3882 1376 3918 monu-

313 3961 358 4011 biir
367 3983 388 4008 ».
397 3961 525 4013 coarcte.
535 3977 582 4026 pro
589 3962 665 4013 Arcu.
673 3963 685 4025 §
692 3962 721 4011 tt
727 3977 733 4011 ι
742 3981 755 4007 u
762 3962 865 4013 Fulvius
874 3975 923 4012 non
932 3961 1057 4013 dubitarit
1065 3961 1152 4012 Martis
1160 3958 1377 4010 manubiasllusis

313 4063 464 4101 consecmre
478 4069 500 4097 ι.
513 4051 609 4113 Livius,
623 4052 654 4112 ll,
666 4051 698 4101 lc
711 4066 718 4098 ι
731 4069 744 4095 u
755 4049 893 4101 belubrum
905 4049 1024 4100 blinerrae
1035 4062 1067 4100 ex
1080 4048 1312 4102 manubiisdicarit
1322 4066 1377 4094 ι.-

314 4140 464 4192 Cieeronem
477 4140 515 4190 sie
525 4142 658 4204 scripsisse
675 4140 785 4204 opinor:
806 4139 905 4200 «Quod
924 4141 946 4189 si
966 4139 1086 4203 lingenda
1104 4139 1218 4195 numina,
1238 4137 1378 4200 Vice-potae

315 4230 400 4293 potius
411 4237 487 4293 atque
499 4229 575 4279 Statae
586 4245 722 4295 rerumque
734 4230 935 4294 expetendarum
947 4229 1050 4290 Salutis,
1064 4227 1183 4287 lionoris,
1202 4225 1272 4290 Opis,
1290 4224 1378 4275 Victo-

315 4327 359 4377 riae
373 4346 395 4390 u,
408 4326 463 4376 scil.
478 4322 612 4389 tingantur.
627 4326 702 4376 Voce.
716 4326 828 4383 Statoris,
850 4322 936 4373 Inuicti
952 4328 1011 4371 sunt
1029 4321 1182 4385 glossemata
1202 4330 1272 4369 tocc.
1291 4315 1377 4374 State,

1223 4493 1253 4539 22
