3325 5159
650 570 779 636 Luctus,
794 580 906 637 nuxia,
926 567 1021 625 52-68.
1316 566 1368 623 its

301 708 325 756 si
337 720 398 757 uero
409 707 513 757 omittas
524 720 566 765 ne,
587 705 724 769 legendum
737 720 743 752 ε
757 723 769 749 n
784 704 811 753 h.
823 718 844 754 s.
866 717 897 753 au
916 717 980 767 opus
998 704 1032 753 sit
1052 704 1114 753 nibil
1134 717 1252 768 umquam
1264 703 1366 754 omniuo

300 796 392 846 deesse
402 795 492 845 amicis
506 815 527 845 ·.
548 795 664 845 Fortasse
682 794 779 845 Tullius
794 794 906 844 haerebat
925 794 992 844 iuter
1003 793 1152 843 alterutram
1164 792 1285 850 formam3
1304 792 1365 841 mibi

303 884 406 948 quidem
420 884 490 947 prior
501 885 581 947 magis
593 884 684 946 placet.

334 974 388 1031 XV,
401 974 414 1036 5
425 974 464 1023 52.
478 973 598 1023 Restituit
610 973 703 1022 Baiter.
716 973 740 1021 in
754 972 794 1023 ed.
810 972 878 1035 Lips.
892 972 1023 1032 nimirum,
1036 973 1104 1036 quod
1118 972 1326 1022 omiseratHalm.
1339 974 1365 1021 in

300 1064 343 1114 ed.
356 1064 415 1113 Tur.
428 1069 487 1113 ante
500 1084 509 1105 ι
524 1063 550 1111 in
561 1076 610 1125 qua
623 1061 689 1111 uuila
704 1061 768 1112 tides
782 1083 804 1109 ι.
820 1088 844 1097 -
867 1061 930 1123 553.
948 1061 1108 1111 Eosnloutem
1127 1061 1211 1125 glossa
1232 1060 1366 1111 ridebatur

301 1152 466 1215 Bottiuger03
480 1152 589 1215 Madvig.
602 1151 663 1200 velit
674 1151 760 1214 legere
775 1167 781 1199 :
796 1170 806 1193 «
821 1150 907 1200 lerunt
918 1151 1090 1209 exsulantem,
1104 1157 1166 1209 tum,
1187 1158 1235 1200 etc.
1252 1165 1278 1211 ›;
1291 1150 1366 1213 equi-

301 1244 360 1294 dem
372 1243 421 1292 boc
433 1250 496 1305 nant.
511 1254 602 1305 ponam
613 1254 659 1291 seu
673 1249 730 1304 nost
741 1255 787 1291 seu
799 1248 858 1291 ante
875 1241 1051 1304 Tarquinium
1070 1241 1116 1291 sed
1129 1240 1250 1290 libentius
1263 1240 1364 1290 Hottin-

300 1345 390 1396 gerum
402 1343 510 1394 sequar,
531 1331 598 1394 quod
617 1329 677 1379 lecit
688 1330 780 1379 Baiter.
795 1331 821 1380 in
834 1331 876 1380 ed.
890 1331 957 1393 bins.
978 1358 1007 1366 —
1020 1331 1032 1392 5
1044 1331 1082 1379 5t.
1103 1329 1217 1380 Seolndit
1227 1329 1319 1379 Baiter.
1333 1343 1364 1378 eu

300 1422 359 1470 cod.
374 1420 400 1469 Ρ.
414 1419 490 1469 verba
504 1435 510 1468 ε
525 1439 536 1463 ι
550 1420 638 1482 sperni
656 1420 688 1468 ab
700 1420 732 1468 iis
744 1428 846 1469 veteres
857 1419 995 1480 amicitias,
1016 1419 1143 1482 indulgeri
1162 1418 1235 1469 novis
1249 1436 1276 1480 r,
1290 1430 1364 1481 quam

300 1510 454 1559 sententiam
466 1509 602 1571 desidero,
621 1510 679 1572 quia
691 1523 748 1559 cnm
761 1509 818 1558 libri
830 1516 982 1571 argumento
993 1509 1060 1558 bene
1072 1508 1201 1559 convenit.
1221 1534 1251 1545 -
1263 1509 1274 1570 5
1286 1509 1325 1557 55.
1339 1508 1364 1556 Si

301 1600 397 1663 legas«
410 1612 468 1649 cnm
481 1607 613 1661 parantur,
626 1599 667 1649 eni
680 1606 802 1661 parentur
817 1620 843 1660 ι,
856 1599 991 1662 legendum
1005 1611 1081 1659 supra
1094 1613 1101 1646 ι
1116 1619 1126 1641 ι
1140 1604 1225 1648 cetera
1240 1598 1321 1660 parari
1335 1618 1364 1655 s,

302 1690 424 1739 «amicos
439 1702 490 1739 non
503 1688 585 1751 parari
599 1703 628 1746 ις
646 1688 765 1752 equidem
785 1687 887 1745 malim,
908 1701 965 1737 cnm
978 1687 1072 1737 Orellio
1086 1702 1092 1733 t
1107 1708 1117 1729 ‹
1132 1700 1189 1736 cum
1202 1695 1308 1749 parant,
1321 1686 1363 1735 cui

301 1786 392 1841 parent
403 1779 520 1828 nesciunt
534 1797 555 1825 ».
569 1778 609 1827 Sic
621 1777 711 1826 scribit
723 1777 817 1826 Baiter.
830 1777 855 1825 in
865 1777 906 1826 ed.
921 1777 989 1839 Lips.
1004 1790 1060 1825 cum
1073 1776 1148 1826 codd.
1162 1774 1214 1823 MP.

331 1868 401 1929 xvi,
415 1867 478 1930 556.
498 1867 577 1917 llalm.
591 1867 661 1916 malit
672 1866 757 1929 faciut,
771 1874 828 1929 nost
842 1888 851 1908 ι
867 1879 895 1916 se
909 1867 964 1931 ipse
979 1886 1009 1923 ι,
1030 1874 1058 1915 ut
1069 1866 1080 1927 5
1091 1864 1132 1926 59,
1154 1878 1198 1927 nro
1212 1864 1276 1927 vulg.
1290 1864 1361 1925 sucin

301 1971 350 2008 non
362 1958 529 2007 intercedam.
549 1984 580 1992 —
593 1957 604 2019 5
617 1958 657 2006 57.
676 1957 768 2006 Baiter.
789 1957 814 2005 in
827 1956 868 2005 ed.
884 1956 951 2018 Lins.
965 1955 1118 2013 omittunt,
1139 1954 1207 2004 inter
1225 1955 1327 2019 quisque
1339 1963 1365 2004 et

300 2048 349 2105 sic,
362 2053 389 2096 et
400 2060 487 2104 conso,
501 2052 560 2095 ante
572 2046 721 2104 amicornm,
735 2053 855 2096 monente
868 2045 970 2106 Beier03
985 2045 1030 2095 sed
1043 2046 1181 2109 legendnm
1194 2046 1272 2094 nostri
1280 2057 1363 2094 nausa.

299 2162 331 2171 -
342 2136 354 2197 5
365 2136 398 2184 58
410 2134 512 2184 beleam
525 2135 612 2194 nimis,
624 2144 683 2183 ante
696 2137 795 2197 unique,
808 2143 914 2185 auctore
927 2134 1068 2184 Ger-uhard.
1082 2162 1113 2170 —
1125 2135 1136 2196 5
1148 2134 1188 2183 59.
1203 2134 1294 2196 begam
1307 2147 1364 2183 cum

300 2224 388 2274 Cobet.
404 2239 411 2271 z
425 2246 435 2267 ι
450 2230 478 2273 nt
489 2225 511 2273 si
523 2223 659 2287 aliquando
671 2238 733 2273 essee
745 2237 837 2273 osurns
851 2244 873 2285 ι,
887 2238 932 2286 pro
944 2226 1015 2273 esset.
1025 2251 1056 2259 -
1069 2224 1163 2273 Beesse
1171 2224 1272 2273 uidetur
1283 2236 1365 2286 onno-

300 2313 400 2363 sitionis
412 2314 513 2377 signnm
525 2321 583 2363 ante
595 2313 645 2377 adj.
660 2314 766 2377 imnum
778 2313 839 2362 olim
853 2313 985 2377 legebatur
998 2331 1010 2357 n
1023 2314 1065 2362 sed
1077 2313 1170 2376 impuri
1184 2332 1211 2376 ι,
1231 2326 1286 2376 quae
1306 2326 1365 2376 par-

301 2402 376 2452 ticula
387 2402 420 2451 ab
432 2402 574 2453 editoribus
586 2402 774 2452 recentioribus
785 2402 878 2452 omissa
891 2402 954 2463 suit;
969 2402 1088 2465 equidem
1101 2404 1183 2467 legam
1197 2418 1203 2451 ε
1219 2407 1265 2451 «at
1273 2403 1365 2465 impuri

298 2492 430 2543 cuiusdam
449 2499 492 2542 aut
509 2490 637 2541 ambitiosi
658 2495 682 2540 et
695 2491 777 2541 omnia
790 2492 822 2541 ad
834 2505 904 2541 suam
918 2493 1056 2555 potentiam
1069 2493 1212 2543 revocantis
1226 2513 1248 2543 r.
1261 2494 1364 2544 -Cum

299 2581 483 2631 Gembardoet
494 2579 598 2643 Orellio,
606 2580 687 2632 altero
695 2581 761 2644 loco,
770 2599 783 2625 «
793 2594 900 2632 necesse
908 2582 958 2631 erit
968 2599 980 2627 n
988 2582 1198 2632 secluditBaiter.
1210 2582 1236 2631 iu
1244 2583 1285 2632 ed.
1295 2581 1363 2645 lips.

330 2672 410 2731 Xllll,
423 2673 435 2734 5
446 2672 486 2721 61.
508 2672 561 2721 Non
577 2672 639 2722 satis
658 2672 751 2722 idoneo
770 2673 825 2723 loco
845 2673 939 2737 legitur
951 2672 1077 2722 sententia
1091 2687 1098 2721 r
1111 2691 1123 2717 u
1137 2672 1222 2722 Virtus
1234 2685 1308 2735 quam
1321 2685 1365 2722 se-

300 2761 386 2824 quitur
397 2760 491 2809 caritas
501 2759 606 2809 minime
620 2761 774 2822 repudianda
787 2768 828 2811 est
843 2782 852 2803 υ
864 2776 870 2823 ;
883 2761 987 2820 melius,
1011 2762 1110 2824 opinor,
1128 2761 1278 2825 jungeretur
1292 2760 1365 2824 paulo

298 2862 374 2913 supra
386 2863 443 2899 eum
455 2850 581 2899 sententia
596 2865 602 2896 :
618 2871 627 2892 α
642 2859 681 2899 est
692 2851 759 2900 enim
772 2857 898 2914 quatenus
918 2850 1035 2901 amicitiae
1052 2852 1106 2901 dari
1120 2852 1191 2900 venia
1204 2851 1293 2913 possit.
1308 2869 1321 2896 a
1333 2878 1364 2887 -

296 2941 308 3002 5
320 2940 359 2990 tt.
372 2940 503 2990 Sententia
517 2955 523 2987 z
539 2960 549 2982 ι
569 2948 628 2988 sunt
640 2940 717 3002 igitur
729 2939 795 2988 firmi
807 2948 833 2989 et
845 2940 950 2990 stabiles
961 2949 986 2989 et
999 2946 1145 2990 constantes
1156 2940 1278 3003 eligendi,
1290 2940 1363 2989 cuius

297 3031 401 3095 generis
413 3038 453 3080 est
464 3043 554 3093 magna
569 3031 693 3092 penuria»
707 3030 818 3080 alienum
830 3031 913 3080 locum
922 3032 1064 3094 occuluerit,
1074 3033 1129 3081 etsi
1137 3040 1254 3082 serretur
1264 3032 1363 3081 ridetur

299 3119 484 3180 transferenda,
497 3120 523 3168 in
535 3118 585 3168 fine
597 3120 611 3183 5
623 3120 664 3180 Bt,
677 3126 735 3181 nost
747 3120 824 3169 verba
839 3140 849 3162 ι
865 3132 934 3182 naeue
948 3119 1034 3170 divino
1049 3140 1069 3168 ι.
1086 3148 1109 3157 -
1128 3121 1221 3184 begam
1234 3120 1342 3170 subinde
1356 3135 1362 3167 ε

301 3227 310 3249 ι
325 3212 351 3256 ot
362 3208 475 3257 iudicare
487 3206 592 3257 difficile
604 3214 703 3257 est......
720 3226 730 3249 ι
745 3234 774 3243 -
786 3209 798 3270 5
809 3207 849 3258 63.
863 3207 981 3257 Omittam
995 3208 1071 3258 verba
1086 3231 1096 3251 «ι
1109 3209 1146 3258 sic
1158 3208 1277 3258 amicitiis
1291 3229 1313 3271 ι,
1330 3209 1362 3259 de

298 3297 391 3360 quibus
402 3296 478 3347 codd.
490 3297 654 3359 dissentiunt,
667 3311 722 3361 quae
734 3312 785 3348 nou
796 3298 879 3348 solnm
890 3298 1030 3360 abundant,
1049 3300 1095 3349 sed
1115 3298 1191 3349 etiam
1210 3299 1362 3348 sententiam

299 3387 409 3437 turbant.
423 3388 516 3437 Baiter.
530 3388 555 3436 in
568 3389 608 3438 ed.
622 3388 691 3450 Lips.
704 3389 794 3438 scribit
809 3390 867 3439 «sic
879 3389 989 3438 amicitia
999 3407 1021 3438 n.

326 3477 417 3538 livill,
430 3478 442 3539 5
453 3478 493 3526 65.
506 3477 641 3527 Abundare
654 3477 716 3526 mibi
729 3478 828 3528 videtur
842 3479 948 3528 verbnm
955 3482 1037 3543 potest
1056 3486 1114 3542 nost
1132 3480 1223 3543 lidum,
1244 3486 1270 3529 et
1287 3478 1362 3528 facilc

299 3565 392 3615 carebo
405 3568 483 3615 verbo
495 3569 539 3623 est,
554 3573 611 3627 post
625 3588 635 3609 «
649 3567 794 3618 addendum
806 3568 897 3618 eodem
913 3588 934 3618 ι.
951 3595 974 3605 -
997 3568 1055 3618 Orta
1075 3576 1136 3619 sunt
1156 3569 1232 3619 verba
1247 3590 1257 3612 «
1271 3568 1303 3618 ab
1314 3567 1363 3618 ali·

298 3668 349 3718 qno
363 3674 374 3698 ι
387 3667 418 3703 eu
432 3654 571 3704 mutatione
585 3654 783 3714 partitionum
797 3656 902 3714 adlatos,
923 3657 991 3720 quod
1010 3657 1094 3707 minus
1112 3665 1198 3720 aptum
1212 3658 1320 3708 videtur.
1332 3686 1363 3694 —

297 3743 394 3793 Goion:
416 3743 547 3804 «Semper
564 3742 660 3806 aliquid
679 3743 867 3793 existimantem
886 3746 918 3794 ab
937 3745 1019 3795 amieo
1043 3759 1100 3796 esse
1124 3746 1244 3796 violatum
1259 3766 1280 3806 ι,
1304 3759 1362 3795 oum

298 3832 449 3883 Ruhnkenio
460 3840 486 3881 et
499 3833 598 3893 Belem,
612 3840 639 3882 ut
651 3832 793 3895 glossema,
806 3833 899 3883 merito
912 3835 984 3883 uncis
995 3834 1097 3884 inclusit
1109 3834 1229 3884 Halmius.

330 3922 397 3981 xlx,
412 3922 423 3983 5
435 3923 474 3971 67.
490 3922 581 3972 Levior
593 3922 693 3972 videtur
705 3934 752 3971 vox
765 3922 924 3984 subdifficilis,
935 3923 1055 3985 qnoniam
1068 3941 1080 3967 u
1094 3923 1307 3986 indignabonrine
1316 3922 1360 3972 du·

299 4012 388 4061 bitatio
401 4018 441 4060 est
454 4026 482 4068 »;
495 4010 631 4075 legendum
643 4012 735 4073 opinor
748 4027 755 4060 t
770 4034 779 4053 ·
794 4011 860 4062 hand
877 4011 988 4061 difficilis
1002 4031 1023 4061 ».
1043 4040 1072 4048 —
1085 4013 1096 4074 5
1107 4012 1147 4061 68.
1161 4011 1250 4061 Mirum
1263 4012 1288 4060 in
1304 4025 1360 4062 mo·

297 4102 358 4151 dnm
369 4101 523 4150 dissentiunt
534 4102 637 4151 codices
648 4102 674 4150 in
688 4101 774 4152 verbis
785 4116 842 4165 quae
855 4102 973 4165 leguntur
985 4109 1044 4151 ante
1058 4123 1068 4145 «
1082 4102 1107 4150 in
1120 4102 1176 4164 ipso
1193 4116 1259 4165 equo
1274 4123 1284 4144 ι
1300 4118 1305 4150 :
1318 4103 1361 4152 alii

297 4188 393 4238 babent
405 4206 418 4233 o
431 4189 492 4252 quin
504 4196 531 4238 et
545 4209 571 4253 r,
584 4190 626 4239 alii
639 4209 652 4235 o
664 4190 735 4255 atqui
746 4191 772 4241 in
786 4209 799 4235 a
809 4229 816 4249 ‚
828 4190 872 4240 alii
885 4209 896 4234 a
918 4196 945 4239 ut
963 4190 989 4239 in
1004 4210 1026 4251 ι,
1046 4197 1096 4241 etc.
1115 4191 1250 4241 Facciolati
1261 4192 1362 4255 legebat

299 4300 308 4320 ι
322 4285 398 4341 atque
409 4277 435 4326 in
451 4292 478 4335 »;
493 4278 573 4327 lllotz.
585 4316 591 4336 ,
603 4292 680 4342 quem
692 4286 797 4329 secutus
807 4286 848 4328 cst
860 4278 986 4341 Halmius,
1001 4296 1012 4323 o
1033 4280 1094 4343 quin
1113 4281 1189 4330 etiam
1203 4294 1228 4341 »;
1242 4280 1360 4343 equidem

299 4365 384 4430 legam
398 4386 408 4409 ι
421 4365 506 4428 itaque
519 4366 545 4415 in
557 4366 613 4429 ipso
624 4380 692 4431 equo
706 4387 732 4430 ι,
754 4367 812 4430 quia
830 4367 947 4431 sequitur
965 4369 1109 4433 exemplum
1128 4369 1196 4433 qnod
1208 4368 1361 4419 seutentiam
