<?xml version="1.0" encoding="UTF-8"?>
<!DOCTYPE html PUBLIC "-//W3C//DTD XHTML 1.0 Transitional//EN"
    "http://www.w3.org/TR/xhtml1/DTD/xhtml1-transitional.dtd">
<html xmlns="http://www.w3.org/1999/xhtml" xml:lang="en" lang="en">
 <head>
  <title>
</title>
<meta http-equiv="Content-Type" content="text/html;charset=utf-8" />
  <meta name='ocr-system' content='tesseract 3.04.00' />
  <meta name='ocr-capabilities' content='ocr_page ocr_carea ocr_par ocr_line ocrx_word'/>
</head>
<body>
  <div class='ocr_page' id='page_1' title='image "./inciceronislibr00vaucgoog_0031.png"; bbox 0 0 3325 5159; ppageno 0'>
   <div class='ocr_carea' id='block_1_1' title="bbox 531 566 1364 636">
    <p class='ocr_par' dir='ltr' id='par_1_1' title="bbox 531 566 1364 636">
     <span class='ocr_line' id='line_1_1' title="bbox 531 566 1364 636; baseline -0.001 -12"><span class='ocrx_word' id='word_1_1' title='bbox 531 566 906 634; x_wconf 82' lang='lat' dir='ltr'><strong>brrrnrnosnonononll,</strong></span> <span class='ocrx_word' id='word_1_2' title='bbox 922 578 1026 636; x_wconf 80' lang='lat' dir='ltr'><strong>vrri-ra,</strong></span> <span class='ocrx_word' id='word_1_3' title='bbox 1042 568 1132 625; x_wconf 63' lang='lat' dir='ltr'><strong>abab.</strong></span> <span class='ocrx_word' id='word_1_4' title='bbox 1330 570 1364 625; x_wconf 73' lang='grc' dir='ltr'><strong>ιιι</strong></span> 
     </span>
    </p>
   </div>
   <div class='ocr_carea' id='block_1_2' title="bbox 297 689 1419 4375">
    <p class='ocr_par' dir='ltr' id='par_1_2' title="bbox 297 689 1369 2432">
     <span class='ocr_line' id='line_1_2' title="bbox 297 689 1363 754; baseline 0.002 -15"><span class='ocrx_word' id='word_1_5' title='bbox 297 697 399 741; x_wconf 89' lang='lat' dir='ltr'><strong>mento:</strong></span> <span class='ocrx_word' id='word_1_6' title='bbox 413 691 504 754; x_wconf 75' lang='lat' dir='ltr'><strong>«quod</strong></span> <span class='ocrx_word' id='word_1_7' title='bbox 528 689 806 753; x_wconf 62' lang='lat' dir='ltr'><strong>reprehendentium,</strong></span> <span class='ocrx_word' id='word_1_8' title='bbox 819 704 870 753; x_wconf 88' lang='lat' dir='ltr'><strong>quo</strong></span> <span class='ocrx_word' id='word_1_9' title='bbox 894 691 1022 741; x_wconf 88' lang='lat' dir='ltr'><strong>sententia</strong></span> <span class='ocrx_word' id='word_1_10' title='bbox 1044 704 1134 741; x_wconf 88' lang='lat' dir='ltr'><strong>carere</strong></span> <span class='ocrx_word' id='word_1_11' title='bbox 1147 692 1245 754; x_wconf 82' lang='lat' dir='ltr'><strong>nequit,</strong></span> <span class='ocrx_word' id='word_1_12' title='bbox 1265 692 1363 743; x_wconf 90' lang='lat' dir='ltr'><strong>etiamsi</strong></span> 
     </span>
     <span class='ocr_line' id='line_1_3' title="bbox 297 778 1364 844; baseline 0.004 -17"><span class='ocrx_word' id='word_1_13' title='bbox 297 781 365 829; x_wconf 80' lang='lat' dir='ltr'><strong>desit</strong></span> <span class='ocrx_word' id='word_1_14' title='bbox 384 779 409 828; x_wconf 93' lang='lat' dir='ltr'><strong>in</strong></span> <span class='ocrx_word' id='word_1_15' title='bbox 421 778 525 842; x_wconf 89' lang='lat' dir='ltr'><strong>optimis</strong></span> <span class='ocrx_word' id='word_1_16' title='bbox 534 778 668 829; x_wconf 84' lang='lat' dir='ltr'><strong>codicibus</strong></span> <span class='ocrx_word' id='word_1_17' title='bbox 681 785 709 830; x_wconf 90' lang='lat' dir='ltr'><strong>ut</strong></span> <span class='ocrx_word' id='word_1_18' title='bbox 720 778 746 828; x_wconf 91' lang='lat' dir='ltr'><strong>in</strong></span> <span class='ocrx_word' id='word_1_19' title='bbox 757 778 940 829; x_wconf 86' lang='lat' dir='ltr'><strong>deterioribus.</strong></span> <span class='ocrx_word' id='word_1_20' title='bbox 954 779 997 829; x_wconf 86' lang='lat' dir='ltr'><strong>llae</strong></span> <span class='ocrx_word' id='word_1_21' title='bbox 1009 792 1085 829; x_wconf 86' lang='lat' dir='ltr'><strong>uoces</strong></span> <span class='ocrx_word' id='word_1_22' title='bbox 1096 780 1247 831; x_wconf 85' lang='lat' dir='ltr'><strong>exciderunt</strong></span> <span class='ocrx_word' id='word_1_23' title='bbox 1261 789 1364 844; x_wconf 87' lang='lat' dir='ltr'><strong>propter·</strong></span> 
     </span>
     <span class='ocr_line' id='line_1_4' title="bbox 298 867 1362 934; baseline 0.003 -19"><span class='ocrx_word' id='word_1_24' title='bbox 298 867 531 919; x_wconf 85' lang='lat' dir='ltr'><strong>lroomoeoteleuton</strong></span> <span class='ocrx_word' id='word_1_25' title='bbox 540 874 597 930; x_wconf 90' lang='lat' dir='ltr'><strong>post</strong></span> <span class='ocrx_word' id='word_1_26' title='bbox 610 867 693 918; x_wconf 75' lang='lat' dir='ltr'><strong>‹niutt</strong></span> <span class='ocrx_word' id='word_1_27' title='bbox 706 867 860 918; x_wconf 78' lang='lat' dir='ltr'>haberemus</span> <span class='ocrx_word' id='word_1_28' title='bbox 868 882 895 929; x_wconf 79' lang='lat'><strong>»3</strong></span> <span class='ocrx_word' id='word_1_29' title='bbox 908 869 954 919; x_wconf 90' lang='lat' dir='ltr'><strong>sed</strong></span> <span class='ocrx_word' id='word_1_30' title='bbox 963 867 1036 921; x_wconf 88' lang='lat' dir='ltr'><strong>iacile</strong></span> <span class='ocrx_word' id='word_1_31' title='bbox 1046 869 1216 920; x_wconf 91' lang='lat' dir='ltr'><strong>restituuntur</strong></span> <span class='ocrx_word' id='word_1_32' title='bbox 1227 882 1276 933; x_wconf 91' lang='lat' dir='ltr'><strong>ope</strong></span> <span class='ocrx_word' id='word_1_33' title='bbox 1288 870 1310 934; x_wconf 75' lang='lat' dir='ltr'><strong>§i</strong></span> <span class='ocrx_word' id='word_1_34' title='bbox 1323 870 1362 921; x_wconf 67' lang='lat'><strong>23.</strong></span> 
     </span>
     <span class='ocr_line' id='line_1_5' title="bbox 298 941 1362 1019; baseline 0 -12"><span class='ocrx_word' id='word_1_35' title='bbox 298 983 328 991; x_wconf 90' lang='lat'>-</span> <span class='ocrx_word' id='word_1_36' title='bbox 342 956 438 1007; x_wconf 77' lang='lat' dir='ltr'><strong>addam</strong></span> <span class='ocrx_word' id='word_1_37' title='bbox 457 956 567 1005; x_wconf 72' lang='lat' dir='ltr'>libenter</span> <span class='ocrx_word' id='word_1_38' title='bbox 585 969 644 1007; x_wconf 87' lang='lat' dir='ltr'><strong>cum</strong></span> <span class='ocrx_word' id='word_1_39' title='bbox 663 955 787 1006; x_wconf 74' lang='lat' dir='ltr'><strong>lambino</strong></span> <span class='ocrx_word' id='word_1_40' title='bbox 798 964 825 1007; x_wconf 92' lang='lat' dir='ltr'><strong>et</strong></span> <span class='ocrx_word' id='word_1_41' title='bbox 837 956 938 1007; x_wconf 84' lang='lat' dir='ltr'><strong>barisio</strong></span> <span class='ocrx_word' id='word_1_42' title='bbox 950 959 982 1014; x_wconf 81' lang='lat' dir='ltr'><strong>te,</strong></span> <span class='ocrx_word' id='word_1_43' title='bbox 1001 941 1221 1019; x_wconf 65' lang='lat' dir='ltr'><strong>postomodum</strong></span> <span class='ocrx_word' id='word_1_44' title='bbox 1235 958 1292 1007; x_wconf 90' lang='lat' dir='ltr'><strong>eod.</strong></span> <span class='ocrx_word' id='word_1_45' title='bbox 1308 958 1362 1008; x_wconf 81' lang='lat' dir='ltr'><strong>Par.</strong></span> 
     </span>
     <span class='ocr_line' id='line_1_6' title="bbox 299 1044 1363 1110; baseline 0.002 -16"><span class='ocrx_word' id='word_1_46' title='bbox 299 1047 377 1104; x_wconf 88' lang='lat' dir='ltr'><strong>l;sic</strong></span> <span class='ocrx_word' id='word_1_47' title='bbox 394 1045 486 1096; x_wconf 89' lang='lat' dir='ltr'><strong>melius</strong></span> <span class='ocrx_word' id='word_1_48' title='bbox 502 1054 606 1108; x_wconf 89' lang='lat' dir='ltr'><strong>apparet</strong></span> <span class='ocrx_word' id='word_1_49' title='bbox 621 1044 713 1095; x_wconf 81' lang='lat' dir='ltr'><strong>Triarii</strong></span> <span class='ocrx_word' id='word_1_50' title='bbox 730 1051 824 1096; x_wconf 89' lang='lat' dir='ltr'><strong>motus.</strong></span> <span class='ocrx_word' id='word_1_51' title='bbox 838 1071 868 1082; x_wconf 91' lang='lat'>-</span> <span class='ocrx_word' id='word_1_52' title='bbox 880 1045 980 1109; x_wconf 82' lang='lat' dir='ltr'><strong>begere</strong></span> <span class='ocrx_word' id='word_1_53' title='bbox 992 1045 1077 1095; x_wconf 89' lang='lat' dir='ltr'><strong>malim</strong></span> <span class='ocrx_word' id='word_1_54' title='bbox 1086 1060 1114 1092; x_wconf 79' lang='lat' dir='ltr'><strong>:o</strong></span> <span class='ocrx_word' id='word_1_55' title='bbox 1129 1058 1176 1110; x_wconf 83' lang='lat' dir='ltr'><strong>qao</strong></span> <span class='ocrx_word' id='word_1_56' title='bbox 1185 1045 1247 1095; x_wconf 87' lang='lat' dir='ltr'><strong>milri</strong></span> <span class='ocrx_word' id='word_1_57' title='bbox 1259 1045 1363 1109; x_wconf 81' lang='lat' dir='ltr'><strong>orricium</strong></span> 
     </span>
     <span class='ocr_line' id='line_1_7' title="bbox 298 1132 1364 1198; baseline 0.002 -17"><span class='ocrx_word' id='word_1_58' title='bbox 298 1135 369 1184; x_wconf 86' lang='lat' dir='ltr'><strong>risus</strong></span> <span class='ocrx_word' id='word_1_59' title='bbox 386 1140 436 1195; x_wconf 90' lang='lat' dir='ltr'><strong>est,</strong></span> <span class='ocrx_word' id='word_1_60' title='bbox 459 1142 541 1189; x_wconf 66' lang='lat' dir='ltr'><strong>ete-a</strong></span> <span class='ocrx_word' id='word_1_61' title='bbox 552 1133 648 1183; x_wconf 88' lang='lat' dir='ltr'><strong>etenim</strong></span> <span class='ocrx_word' id='word_1_62' title='bbox 668 1140 806 1196; x_wconf 72' lang='lat' dir='ltr'>exspectas</span> <span class='ocrx_word' id='word_1_63' title='bbox 828 1134 914 1196; x_wconf 92' lang='lat' dir='ltr'><strong>potius</strong></span> <span class='ocrx_word' id='word_1_64' title='bbox 929 1132 1006 1195; x_wconf 78' lang='lat' dir='ltr'><strong>buius</strong></span> <span class='ocrx_word' id='word_1_65' title='bbox 1022 1132 1234 1198; x_wconf 78' lang='lat' dir='ltr'><strong>interpellationis</strong></span> <span class='ocrx_word' id='word_1_66' title='bbox 1252 1145 1364 1195; x_wconf 82' lang='lat' dir='ltr'><strong>cansam,</strong></span> 
     </span>
     <span class='ocr_line' id='line_1_8' title="bbox 298 1222 1366 1287; baseline 0.001 -15"><span class='ocrx_word' id='word_1_67' title='bbox 298 1235 374 1286; x_wconf 82' lang='lat' dir='ltr'><strong>quam</strong></span> <span class='ocrx_word' id='word_1_68' title='bbox 385 1222 515 1285; x_wconf 78' lang='lat' dir='ltr'><strong>obiectum</strong></span> <span class='ocrx_word' id='word_1_69' title='bbox 528 1222 776 1285; x_wconf 64' lang='lat' dir='ltr'><strong>tertiodecimae,</strong></span> <span class='ocrx_word' id='word_1_70' title='bbox 788 1223 856 1286; x_wconf 90' lang='lat' dir='ltr'><strong>qnod</strong></span> <span class='ocrx_word' id='word_1_71' title='bbox 868 1222 942 1275; x_wconf 80' lang='lat' dir='ltr'><strong>facile</strong></span> <span class='ocrx_word' id='word_1_72' title='bbox 952 1223 1132 1287; x_wconf 68' lang='lat' dir='ltr'><strong>suppletur·</strong></span> <span class='ocrx_word' id='word_1_73' title='bbox 1140 1224 1289 1273; x_wconf 84' lang='lat' dir='ltr'><strong>Ciceronem</strong></span> <span class='ocrx_word' id='word_1_74' title='bbox 1301 1225 1366 1273; x_wconf 88' lang='lat' dir='ltr'><strong>scri·</strong></span> 
     </span>
     <span class='ocr_line' id='line_1_9' title="bbox 298 1310 1364 1375; baseline 0 -14"><span class='ocrx_word' id='word_1_75' title='bbox 298 1312 381 1372; x_wconf 89' lang='lat' dir='ltr'><strong>psisse</strong></span> <span class='ocrx_word' id='word_1_76' title='bbox 399 1313 505 1375; x_wconf 79' lang='lat' dir='ltr'><strong>opinor:</strong></span> <span class='ocrx_word' id='word_1_77' title='bbox 521 1315 574 1361; x_wconf 83' lang='grc' dir='ltr'>ιΑι</span> <span class='ocrx_word' id='word_1_78' title='bbox 596 1310 650 1370; x_wconf 81' lang='lat' dir='ltr'><strong>ille.</strong></span> <span class='ocrx_word' id='word_1_79' title='bbox 672 1323 784 1374; x_wconf 85' lang='lat' dir='ltr'><strong>saneque</strong></span> <span class='ocrx_word' id='word_1_80' title='bbox 802 1311 940 1371; x_wconf 82' lang='lat' dir='ltr'><strong>fidenter»,</strong></span> <span class='ocrx_word' id='word_1_81' title='bbox 957 1312 1025 1375; x_wconf 86' lang='lat' dir='ltr'><strong>qtrod</strong></span> <span class='ocrx_word' id='word_1_82' title='bbox 1044 1311 1136 1362; x_wconf 89' lang='lat' dir='ltr'><strong>melius</strong></span> <span class='ocrx_word' id='word_1_83' title='bbox 1149 1318 1290 1375; x_wconf 88' lang='lat' dir='ltr'><strong>promptam</strong></span> <span class='ocrx_word' id='word_1_84' title='bbox 1301 1312 1364 1361; x_wconf 86' lang='lat' dir='ltr'><strong>Tor-</strong></span> 
     </span>
     <span class='ocr_line' id='line_1_10' title="bbox 297 1398 1366 1463; baseline 0.002 -16"><span class='ocrx_word' id='word_1_85' title='bbox 297 1402 367 1463; x_wconf 81' lang='lat' dir='ltr'><strong>nnati</strong></span> <span class='ocrx_word' id='word_1_86' title='bbox 380 1402 404 1451; x_wconf 89' lang='lat' dir='ltr'><strong>in</strong></span> <span class='ocrx_word' id='word_1_87' title='bbox 417 1400 598 1462; x_wconf 91' lang='lat' dir='ltr'><strong>respondendo</strong></span> <span class='ocrx_word' id='word_1_88' title='bbox 618 1398 777 1450; x_wconf 76' lang='lat' dir='ltr'><strong>celeritatem</strong></span> <span class='ocrx_word' id='word_1_89' title='bbox 789 1400 904 1451; x_wconf 79' lang='lat' dir='ltr'><strong>exbibet.</strong></span> <span class='ocrx_word' id='word_1_90' title='bbox 918 1400 1044 1461; x_wconf 86' lang='lat' dir='ltr'><strong>Quorsum</strong></span> <span class='ocrx_word' id='word_1_91' title='bbox 1055 1400 1094 1451; x_wconf 87' lang='lat' dir='ltr'><strong>bae</strong></span> <span class='ocrx_word' id='word_1_92' title='bbox 1107 1412 1184 1450; x_wconf 84' lang='lat' dir='ltr'><strong>voces</strong></span> <span class='ocrx_word' id='word_1_93' title='bbox 1196 1418 1208 1445; x_wconf 80' lang='lat' dir='ltr'><strong>n</strong></span> <span class='ocrx_word' id='word_1_94' title='bbox 1222 1413 1272 1451; x_wconf 90' lang='lat' dir='ltr'><strong>non</strong></span> <span class='ocrx_word' id='word_1_95' title='bbox 1286 1401 1366 1463; x_wconf 88' lang='lat' dir='ltr'><strong>perti-</strong></span> 
     </span>
     <span class='ocr_line' id='line_1_11' title="bbox 298 1487 1366 1551; baseline 0.001 -14"><span class='ocrx_word' id='word_1_96' title='bbox 298 1489 354 1538; x_wconf 87' lang='lat' dir='ltr'><strong>nuit</strong></span> <span class='ocrx_word' id='word_1_97' title='bbox 363 1507 386 1547; x_wconf 77' lang='lat' dir='ltr'><strong>n,</strong></span> <span class='ocrx_word' id='word_1_98' title='bbox 398 1488 421 1538; x_wconf 91' lang='lat' dir='ltr'><strong>si</strong></span> <span class='ocrx_word' id='word_1_99' title='bbox 435 1488 515 1539; x_wconf 87' lang='lat' dir='ltr'><strong>addas</strong></span> <span class='ocrx_word' id='word_1_100' title='bbox 530 1488 633 1537; x_wconf 84' lang='lat' dir='ltr'><strong>statim:</strong></span> <span class='ocrx_word' id='word_1_101' title='bbox 648 1508 658 1529; x_wconf 82' lang='lat'>«</span> <span class='ocrx_word' id='word_1_102' title='bbox 672 1499 785 1551; x_wconf 87' lang='lat' dir='ltr'><strong>saneque</strong></span> <span class='ocrx_word' id='word_1_103' title='bbox 798 1488 930 1549; x_wconf 79' lang='lat' dir='ltr'><strong>tidenter»</strong></span> <span class='ocrx_word' id='word_1_104' title='bbox 941 1487 992 1537; x_wconf 73' lang='lat'><strong>2²-</strong></span> <span class='ocrx_word' id='word_1_105' title='bbox 1003 1488 1057 1538; x_wconf 86' lang='lat' dir='ltr'><strong>Non</strong></span> <span class='ocrx_word' id='word_1_106' title='bbox 1076 1488 1151 1538; x_wconf 86' lang='lat' dir='ltr'><strong>rideo</strong></span> <span class='ocrx_word' id='word_1_107' title='bbox 1169 1488 1230 1551; x_wconf 87' lang='lat' dir='ltr'><strong>quid</strong></span> <span class='ocrx_word' id='word_1_108' title='bbox 1251 1487 1323 1551; x_wconf 82' lang='lat' dir='ltr'><strong>iuret</strong></span> <span class='ocrx_word' id='word_1_109' title='bbox 1334 1488 1366 1538; x_wconf 76' lang='lat' dir='ltr'><strong>acl</strong></span> 
     </span>
     <span class='ocr_line' id='line_1_12' title="bbox 298 1575 1366 1640; baseline 0.003 -17"><span class='ocrx_word' id='word_1_110' title='bbox 298 1576 475 1639; x_wconf 83' lang='lat' dir='ltr'><strong>complendam</strong></span> <span class='ocrx_word' id='word_1_111' title='bbox 492 1575 647 1627; x_wconf 87' lang='lat' dir='ltr'><strong>sententiam</strong></span> <span class='ocrx_word' id='word_1_112' title='bbox 664 1575 713 1625; x_wconf 91' lang='lat' dir='ltr'><strong>boc</strong></span> <span class='ocrx_word' id='word_1_113' title='bbox 725 1575 850 1625; x_wconf 87' lang='lat' dir='ltr'><strong>incisum:</strong></span> <span class='ocrx_word' id='word_1_114' title='bbox 863 1592 877 1621; x_wconf 75' lang='lat' dir='ltr'><strong>a</strong></span> <span class='ocrx_word' id='word_1_115' title='bbox 889 1576 940 1627; x_wconf 83' lang='lat' dir='ltr'><strong>Sed</strong></span> <span class='ocrx_word' id='word_1_116' title='bbox 954 1576 1027 1639; x_wconf 86' lang='lat' dir='ltr'><strong>plane</strong></span> <span class='ocrx_word' id='word_1_117' title='bbox 1038 1576 1179 1640; x_wconf 85' lang='lat' dir='ltr'><strong>dicitquod</strong></span> <span class='ocrx_word' id='word_1_118' title='bbox 1192 1575 1333 1639; x_wconf 81' lang='lat' dir='ltr'><strong>intelligam</strong></span> <span class='ocrx_word' id='word_1_119' title='bbox 1343 1595 1366 1634; x_wconf 79' lang='lat' dir='ltr'><strong>r,</strong></span> 
     </span>
     <span class='ocr_line' id='line_1_13' title="bbox 297 1662 1366 1728; baseline 0.002 -16"><span class='ocrx_word' id='word_1_120' title='bbox 297 1664 366 1725; x_wconf 81' lang='lat' dir='ltr'><strong>quod</strong></span> <span class='ocrx_word' id='word_1_121' title='bbox 378 1664 537 1714; x_wconf 89' lang='lat' dir='ltr'><strong>admiserunt</strong></span> <span class='ocrx_word' id='word_1_122' title='bbox 547 1662 662 1713; x_wconf 88' lang='lat' dir='ltr'><strong>editores</strong></span> <span class='ocrx_word' id='word_1_123' title='bbox 674 1676 720 1725; x_wconf 90' lang='lat' dir='ltr'><strong>pro</strong></span> <span class='ocrx_word' id='word_1_124' title='bbox 732 1662 841 1713; x_wconf 90' lang='lat' dir='ltr'><strong>lectione</strong></span> <span class='ocrx_word' id='word_1_125' title='bbox 854 1664 1007 1727; x_wconf 89' lang='lat' dir='ltr'><strong>optimorum</strong></span> <span class='ocrx_word' id='word_1_126' title='bbox 1018 1664 1135 1714; x_wconf 90' lang='lat' dir='ltr'><strong>codicum</strong></span> <span class='ocrx_word' id='word_1_127' title='bbox 1147 1664 1265 1728; x_wconf 75' lang='lat' dir='ltr'><strong>nitidant</strong></span> <span class='ocrx_word' id='word_1_128' title='bbox 1277 1664 1366 1728; x_wconf 74' lang='lat' dir='ltr'><strong>«quoti</strong></span> 
     </span>
     <span class='ocr_line' id='line_1_14' title="bbox 298 1752 1368 1817; baseline 0.001 -17"><span class='ocrx_word' id='word_1_129' title='bbox 298 1752 419 1816; x_wconf 86' lang='lat' dir='ltr'><strong>intelligit</strong></span> <span class='ocrx_word' id='word_1_130' title='bbox 427 1771 451 1801; x_wconf 76' lang='grc' dir='ltr'><strong>ι.</strong></span> <span class='ocrx_word' id='word_1_131' title='bbox 468 1752 578 1803; x_wconf 79' lang='lat' dir='ltr'><strong>Facilius</strong></span> <span class='ocrx_word' id='word_1_132' title='bbox 590 1753 623 1802; x_wconf 88' lang='lat' dir='ltr'><strong>ita</strong></span> <span class='ocrx_word' id='word_1_133' title='bbox 637 1752 742 1802; x_wconf 84' lang='lat' dir='ltr'><strong>videbas</strong></span> <span class='ocrx_word' id='word_1_134' title='bbox 754 1764 857 1802; x_wconf 88' lang='lat' dir='ltr'><strong>manum</strong></span> <span class='ocrx_word' id='word_1_135' title='bbox 869 1752 1001 1817; x_wconf 82' lang='lat' dir='ltr'><strong>cujusdam</strong></span> <span class='ocrx_word' id='word_1_136' title='bbox 1012 1752 1133 1816; x_wconf 82' lang='lat' dir='ltr'><strong>Epicurei</strong></span> <span class='ocrx_word' id='word_1_137' title='bbox 1141 1753 1288 1817; x_wconf 88' lang='lat' dir='ltr'><strong>magistrum</strong></span> <span class='ocrx_word' id='word_1_138' title='bbox 1298 1760 1368 1801; x_wconf 89' lang='lat' dir='ltr'><strong>tuen-</strong></span> 
     </span>
     <span class='ocr_line' id='line_1_15' title="bbox 300 1840 1366 1905; baseline 0 -15"><span class='ocrx_word' id='word_1_139' title='bbox 300 1843 346 1899; x_wconf 89' lang='lat' dir='ltr'><strong>tis‚·</strong></span> <span class='ocrx_word' id='word_1_140' title='bbox 363 1846 390 1890; x_wconf 91' lang='lat' dir='ltr'><strong>at</strong></span> <span class='ocrx_word' id='word_1_141' title='bbox 407 1841 430 1890; x_wconf 90' lang='lat' dir='ltr'><strong>si</strong></span> <span class='ocrx_word' id='word_1_142' title='bbox 449 1841 536 1891; x_wconf 85' lang='lat' dir='ltr'><strong>malis:</strong></span> <span class='ocrx_word' id='word_1_143' title='bbox 551 1840 637 1904; x_wconf 79' lang='lat' dir='ltr'><strong>«quod</strong></span> <span class='ocrx_word' id='word_1_144' title='bbox 656 1840 799 1903; x_wconf 87' lang='lat' dir='ltr'><strong>intelligam</strong></span> <span class='ocrx_word' id='word_1_145' title='bbox 810 1859 833 1901; x_wconf 71' lang='lat' dir='ltr'><strong>o,</strong></span> <span class='ocrx_word' id='word_1_146' title='bbox 846 1842 926 1904; x_wconf 89' lang='lat' dir='ltr'><strong>ipsius</strong></span> <span class='ocrx_word' id='word_1_147' title='bbox 942 1842 1055 1892; x_wconf 89' lang='lat' dir='ltr'><strong>auctoris</strong></span> <span class='ocrx_word' id='word_1_148' title='bbox 1073 1854 1174 1892; x_wconf 91' lang='lat' dir='ltr'><strong>manum</strong></span> <span class='ocrx_word' id='word_1_149' title='bbox 1186 1852 1311 1905; x_wconf 85' lang='lat' dir='ltr'><strong>agnoscas</strong></span> <span class='ocrx_word' id='word_1_150' title='bbox 1322 1841 1366 1904; x_wconf 88' lang='lat' dir='ltr'><strong>qui</strong></span> 
     </span>
     <span class='ocr_line' id='line_1_16' title="bbox 298 1928 1366 1993; baseline 0 -15"><span class='ocrx_word' id='word_1_151' title='bbox 298 1930 336 1979; x_wconf 89' lang='lat' dir='ltr'><strong>sic</strong></span> <span class='ocrx_word' id='word_1_152' title='bbox 347 1930 485 1992; x_wconf 85' lang='lat' dir='ltr'><strong>scripserat</strong></span> <span class='ocrx_word' id='word_1_153' title='bbox 496 1928 517 1990; x_wconf 83' lang='lat' dir='ltr'><strong>l,</strong></span> <span class='ocrx_word' id='word_1_154' title='bbox 529 1928 542 1991; x_wconf 68' lang='grc' dir='ltr'><strong>ξ</strong></span> <span class='ocrx_word' id='word_1_155' title='bbox 554 1929 593 1990; x_wconf 84' lang='grc'><strong>15,</strong></span> <span class='ocrx_word' id='word_1_156' title='bbox 605 1936 632 1978; x_wconf 95' lang='lat' dir='ltr'><strong>et</strong></span> <span class='ocrx_word' id='word_1_157' title='bbox 643 1928 717 1992; x_wconf 82' lang='lat' dir='ltr'><strong>enjus</strong></span> <span class='ocrx_word' id='word_1_158' title='bbox 730 1929 806 1979; x_wconf 85' lang='lat' dir='ltr'><strong>rerba</strong></span> <span class='ocrx_word' id='word_1_159' title='bbox 820 1929 845 1978; x_wconf 92' lang='lat' dir='ltr'><strong>in</strong></span> <span class='ocrx_word' id='word_1_160' title='bbox 858 1930 972 1993; x_wconf 84' lang='lat' dir='ltr'><strong>margine</strong></span> <span class='ocrx_word' id='word_1_161' title='bbox 984 1928 1273 1993; x_wconf 86' lang='lat' dir='ltr'><strong>adscripta‚collationis</strong></span> <span class='ocrx_word' id='word_1_162' title='bbox 1280 1940 1366 1991; x_wconf 89' lang='lat' dir='ltr'><strong>causa,</strong></span> 
     </span>
     <span class='ocr_line' id='line_1_17' title="bbox 299 2016 1368 2081; baseline 0 -15"><span class='ocrx_word' id='word_1_163' title='bbox 299 2018 329 2066; x_wconf 90' lang='lat' dir='ltr'><strong>in·</strong></span> <span class='ocrx_word' id='word_1_164' title='bbox 337 2016 454 2068; x_wconf 87' lang='lat' dir='ltr'><strong>ordinem</strong></span> <span class='ocrx_word' id='word_1_165' title='bbox 465 2017 588 2079; x_wconf 82' lang='lat' dir='ltr'><strong>deinceps</strong></span> <span class='ocrx_word' id='word_1_166' title='bbox 599 2016 723 2068; x_wconf 88' lang='lat' dir='ltr'><strong>orationis</strong></span> <span class='ocrx_word' id='word_1_167' title='bbox 738 2018 908 2079; x_wconf 88' lang='lat' dir='ltr'><strong>irrepserunt.</strong></span> <span class='ocrx_word' id='word_1_168' title='bbox 921 2044 951 2053; x_wconf 91' lang='lat'>-</span> <span class='ocrx_word' id='word_1_169' title='bbox 962 2017 1057 2081; x_wconf 84' lang='lat' dir='ltr'><strong>begam</strong></span> <span class='ocrx_word' id='word_1_170' title='bbox 1069 2030 1127 2068; x_wconf 90' lang='lat' dir='ltr'><strong>cum</strong></span> <span class='ocrx_word' id='word_1_171' title='bbox 1139 2016 1262 2067; x_wconf 77' lang='lat' dir='ltr'><strong>lambino</strong></span> <span class='ocrx_word' id='word_1_172' title='bbox 1275 2017 1368 2066; x_wconf 81' lang='lat' dir='ltr'><strong>«simi-</strong></span> 
     </span>
     <span class='ocr_line' id='line_1_18' title="bbox 300 2104 1366 2169; baseline 0.001 -17"><span class='ocrx_word' id='word_1_173' title='bbox 300 2104 359 2153; x_wconf 89' lang='lat' dir='ltr'><strong>liter</strong></span> <span class='ocrx_word' id='word_1_174' title='bbox 369 2108 397 2153; x_wconf 82' lang='lat' dir='ltr'><strong>at</strong></span> <span class='ocrx_word' id='word_1_175' title='bbox 407 2104 430 2153; x_wconf 93' lang='lat' dir='ltr'><strong>si</strong></span> <span class='ocrx_word' id='word_1_176' title='bbox 438 2124 460 2159; x_wconf 69' lang='grc' dir='ltr'><strong>ν.</strong></span> <span class='ocrx_word' id='word_1_177' title='bbox 471 2105 590 2167; x_wconf 82' lang='lat' dir='ltr'><strong>quoniam</strong></span> <span class='ocrx_word' id='word_1_178' title='bbox 602 2104 718 2166; x_wconf 81' lang='lat' dir='ltr'><strong>exempla</strong></span> <span class='ocrx_word' id='word_1_179' title='bbox 730 2105 825 2155; x_wconf 88' lang='lat' dir='ltr'><strong>desunt</strong></span> <span class='ocrx_word' id='word_1_180' title='bbox 836 2104 881 2156; x_wconf 92' lang='lat' dir='ltr'><strong>ubi</strong></span> <span class='ocrx_word' id='word_1_181' title='bbox 892 2109 916 2155; x_wconf 85' lang='lat' dir='ltr'><strong>cl</strong></span> <span class='ocrx_word' id='word_1_182' title='bbox 928 2104 987 2156; x_wconf 84' lang='lat' dir='ltr'><strong>huic</strong></span> <span class='ocrx_word' id='word_1_183' title='bbox 1000 2105 1122 2156; x_wconf 91' lang='lat' dir='ltr'><strong>adverbio</strong></span> <span class='ocrx_word' id='word_1_184' title='bbox 1131 2104 1261 2169; x_wconf 83' lang='lat' dir='ltr'><strong>jungatur.</strong></span> <span class='ocrx_word' id='word_1_185' title='bbox 1270 2105 1366 2169; x_wconf 86' lang='lat' dir='ltr'><strong>Legen-</strong></span> 
     </span>
     <span class='ocr_line' id='line_1_19' title="bbox 299 2192 1369 2258; baseline -0.001 -15"><span class='ocrx_word' id='word_1_186' title='bbox 299 2193 370 2253; x_wconf 89' lang='lat' dir='ltr'><strong>drrm,</strong></span> <span class='ocrx_word' id='word_1_187' title='bbox 387 2194 488 2254; x_wconf 90' lang='lat' dir='ltr'><strong>opinor,</strong></span> <span class='ocrx_word' id='word_1_188' title='bbox 507 2194 581 2250; x_wconf 68' lang='lat' dir='ltr'><strong>moos,</strong></span> <span class='ocrx_word' id='word_1_189' title='bbox 602 2206 647 2256; x_wconf 95' lang='lat' dir='ltr'><strong>pro</strong></span> <span class='ocrx_word' id='word_1_190' title='bbox 667 2193 777 2243; x_wconf 89' lang='lat' dir='ltr'><strong>lectione</strong></span> <span class='ocrx_word' id='word_1_191' title='bbox 790 2192 889 2256; x_wconf 84' lang='lat' dir='ltr'><strong>vulgata</strong></span> <span class='ocrx_word' id='word_1_192' title='bbox 902 2193 976 2249; x_wconf 80' lang='lat' dir='ltr'><strong>dieat,</strong></span> <span class='ocrx_word' id='word_1_193' title='bbox 989 2194 1108 2258; x_wconf 86' lang='lat' dir='ltr'><strong>quoniam</strong></span> <span class='ocrx_word' id='word_1_194' title='bbox 1121 2192 1183 2242; x_wconf 92' lang='lat' dir='ltr'><strong>nibil</strong></span> <span class='ocrx_word' id='word_1_195' title='bbox 1196 2193 1246 2243; x_wconf 90' lang='lat' dir='ltr'><strong>tale</strong></span> <span class='ocrx_word' id='word_1_196' title='bbox 1258 2194 1291 2244; x_wconf 90' lang='lat' dir='ltr'><strong>de</strong></span> <span class='ocrx_word' id='word_1_197' title='bbox 1304 2192 1369 2255; x_wconf 80' lang='lat' dir='ltr'><strong>Epi-</strong></span> 
     </span>
     <span class='ocr_line' id='line_1_20' title="bbox 299 2280 1367 2344; baseline 0.002 -15"><span class='ocrx_word' id='word_1_198' title='bbox 299 2294 362 2331; x_wconf 86' lang='lat' dir='ltr'><strong>curo</strong></span> <span class='ocrx_word' id='word_1_199' title='bbox 379 2280 499 2331; x_wconf 88' lang='lat' dir='ltr'><strong>reiertur.</strong></span> <span class='ocrx_word' id='word_1_200' title='bbox 514 2307 536 2317; x_wconf 97' lang='lat'><em>-</em></span> <span class='ocrx_word' id='word_1_201' title='bbox 554 2281 634 2331; x_wconf 76' lang='lat' dir='ltr'><strong>abest</strong></span> <span class='ocrx_word' id='word_1_202' title='bbox 651 2281 684 2332; x_wconf 88' lang='lat' dir='ltr'><strong>ab</strong></span> <span class='ocrx_word' id='word_1_203' title='bbox 700 2282 745 2332; x_wconf 89' lang='lat' dir='ltr'><strong>ed.</strong></span> <span class='ocrx_word' id='word_1_204' title='bbox 768 2295 806 2344; x_wconf 91' lang='lat' dir='ltr'><strong>pr.</strong></span> <span class='ocrx_word' id='word_1_205' title='bbox 825 2282 937 2332; x_wconf 86' lang='lat' dir='ltr'><strong>Romana</strong></span> <span class='ocrx_word' id='word_1_206' title='bbox 949 2290 976 2332; x_wconf 91' lang='lat' dir='ltr'><strong>et</strong></span> <span class='ocrx_word' id='word_1_207' title='bbox 987 2293 1001 2330; x_wconf 92' lang='lat' dir='ltr'><strong>a</strong></span> <span class='ocrx_word' id='word_1_208' title='bbox 1013 2282 1072 2332; x_wconf 86' lang='lat' dir='ltr'><strong>cod.</strong></span> <span class='ocrx_word' id='word_1_209' title='bbox 1085 2282 1140 2331; x_wconf 78' lang='lat' dir='ltr'><strong>Par.</strong></span> <span class='ocrx_word' id='word_1_210' title='bbox 1154 2294 1210 2332; x_wconf 83' lang='lat' dir='ltr'><strong>roc.</strong></span> <span class='ocrx_word' id='word_1_211' title='bbox 1225 2282 1367 2342; x_wconf 74' lang='lat' dir='ltr'><strong>luxuriosis,</strong></span> 
     </span>
     <span class='ocr_line' id='line_1_21' title="bbox 299 2369 1201 2432; baseline 0 -13"><span class='ocrx_word' id='word_1_212' title='bbox 299 2377 358 2421; x_wconf 88' lang='lat' dir='ltr'><strong>ante</strong></span> <span class='ocrx_word' id='word_1_213' title='bbox 370 2387 384 2416; x_wconf 77' lang='lat' dir='ltr'><strong>a</strong></span> <span class='ocrx_word' id='word_1_214' title='bbox 394 2370 469 2421; x_wconf 89' lang='lat' dir='ltr'><strong>ullam</strong></span> <span class='ocrx_word' id='word_1_215' title='bbox 481 2370 657 2432; x_wconf 84' lang='lat' dir='ltr'><strong>exceptionem</strong></span> <span class='ocrx_word' id='word_1_216' title='bbox 668 2384 691 2430; x_wconf 73' lang='grc' dir='ltr'><strong>»ς</strong></span> <span class='ocrx_word' id='word_1_217' title='bbox 700 2370 830 2421; x_wconf 91' lang='lat' dir='ltr'><strong>abundare</strong></span> <span class='ocrx_word' id='word_1_218' title='bbox 843 2371 904 2420; x_wconf 90' lang='lat' dir='ltr'><strong>mibi</strong></span> <span class='ocrx_word' id='word_1_219' title='bbox 917 2371 1017 2421; x_wconf 86' lang='lat' dir='ltr'><strong>ridetur</strong></span> <span class='ocrx_word' id='word_1_220' title='bbox 1029 2379 1057 2420; x_wconf 88' lang='lat' dir='ltr'><strong>ut</strong></span> <span class='ocrx_word' id='word_1_221' title='bbox 1068 2369 1201 2421; x_wconf 87' lang='lat' dir='ltr'><strong>Lambino.</strong></span> 
     </span>
    </p>

    <p class='ocr_par' dir='ltr' id='par_1_3' title="bbox 299 2458 1371 3229">
     <span class='ocr_line' id='line_1_22' title="bbox 331 2458 1369 2523; baseline 0.001 -15"><span class='ocrx_word' id='word_1_222' title='bbox 331 2459 395 2519; x_wconf 79' lang='lat' dir='ltr'><strong>vill,</strong></span> <span class='ocrx_word' id='word_1_223' title='bbox 407 2458 422 2522; x_wconf 61' lang='grc' dir='ltr'>ᾗ</span> <span class='ocrx_word' id='word_1_224' title='bbox 433 2458 474 2510; x_wconf 68' lang='lat'><strong>23.</strong></span> <span class='ocrx_word' id='word_1_225' title='bbox 486 2458 532 2508; x_wconf 78' lang='lat' dir='ltr'><strong>Vix</strong></span> <span class='ocrx_word' id='word_1_226' title='bbox 550 2459 643 2509; x_wconf 90' lang='lat' dir='ltr'><strong>deesse</strong></span> <span class='ocrx_word' id='word_1_227' title='bbox 661 2466 756 2523; x_wconf 82' lang='lat' dir='ltr'><strong>potest,</strong></span> <span class='ocrx_word' id='word_1_228' title='bbox 775 2465 835 2509; x_wconf 90' lang='lat' dir='ltr'><strong>ante</strong></span> <span class='ocrx_word' id='word_1_229' title='bbox 849 2460 987 2519; x_wconf 75' lang='lat' dir='ltr'><strong>«mutrdos,</strong></span> <span class='ocrx_word' id='word_1_230' title='bbox 1001 2458 1143 2522; x_wconf 87' lang='lat' dir='ltr'><strong>elegantes,</strong></span> <span class='ocrx_word' id='word_1_231' title='bbox 1155 2466 1226 2509; x_wconf 75' lang='lat' dir='ltr'><strong>etc.»</strong></span> <span class='ocrx_word' id='word_1_232' title='bbox 1242 2459 1369 2523; x_wconf 84' lang='lat' dir='ltr'><strong>quoddam</strong></span> 
     </span>
     <span class='ocr_line' id='line_1_23' title="bbox 301 2548 1369 2613; baseline 0.003 -17"><span class='ocrx_word' id='word_1_233' title='bbox 301 2550 417 2611; x_wconf 77' lang='lat' dir='ltr'><strong>verbum,</strong></span> <span class='ocrx_word' id='word_1_234' title='bbox 430 2549 504 2613; x_wconf 88' lang='lat' dir='ltr'><strong>qrrale</strong></span> <span class='ocrx_word' id='word_1_235' title='bbox 515 2550 602 2600; x_wconf 81' lang='lat' dir='ltr'><strong>malim</strong></span> <span class='ocrx_word' id='word_1_236' title='bbox 613 2550 714 2613; x_wconf 62' lang='lat' dir='ltr'><strong>augme,</strong></span> <span class='ocrx_word' id='word_1_237' title='bbox 727 2550 820 2612; x_wconf 72' lang='lat' dir='ltr'><strong>fingam</strong></span> <span class='ocrx_word' id='word_1_238' title='bbox 828 2551 925 2612; x_wconf 76' lang='lat' dir='ltr'><strong>potior,</strong></span> <span class='ocrx_word' id='word_1_239' title='bbox 939 2550 1007 2612; x_wconf 83' lang='lat' dir='ltr'><strong>quod</strong></span> <span class='ocrx_word' id='word_1_240' title='bbox 1020 2549 1175 2613; x_wconf 86' lang='lat' dir='ltr'><strong>respoudeat</strong></span> <span class='ocrx_word' id='word_1_241' title='bbox 1183 2548 1215 2599; x_wconf 92' lang='lat' dir='ltr'><strong>iis</strong></span> <span class='ocrx_word' id='word_1_242' title='bbox 1226 2561 1283 2612; x_wconf 84' lang='lat' dir='ltr'><strong>quae</strong></span> <span class='ocrx_word' id='word_1_243' title='bbox 1293 2561 1369 2612; x_wconf 89' lang='lat' dir='ltr'><strong>supra</strong></span> 
     </span>
     <span class='ocr_line' id='line_1_24' title="bbox 301 2637 1369 2702; baseline 0 -15"><span class='ocrx_word' id='word_1_244' title='bbox 301 2639 433 2701; x_wconf 85' lang='lat' dir='ltr'><strong>leguntur:</strong></span> <span class='ocrx_word' id='word_1_245' title='bbox 448 2660 457 2680; x_wconf 84' lang='lat'>‹</span> <span class='ocrx_word' id='word_1_246' title='bbox 472 2638 549 2689; x_wconf 90' lang='lat' dir='ltr'><strong>nolim</strong></span> <span class='ocrx_word' id='word_1_247' title='bbox 568 2639 631 2689; x_wconf 90' lang='lat' dir='ltr'><strong>mibi</strong></span> <span class='ocrx_word' id='word_1_248' title='bbox 654 2638 751 2702; x_wconf 88' lang='lat' dir='ltr'><strong>lingere</strong></span> <span class='ocrx_word' id='word_1_249' title='bbox 762 2652 789 2698; x_wconf 85' lang='lat'><strong>·;</strong></span> <span class='ocrx_word' id='word_1_250' title='bbox 803 2637 843 2688; x_wconf 86' lang='lat' dir='ltr'><strong>rel</strong></span> <span class='ocrx_word' id='word_1_251' title='bbox 864 2638 954 2689; x_wconf 90' lang='lat' dir='ltr'><strong>saltem</strong></span> <span class='ocrx_word' id='word_1_252' title='bbox 975 2638 1096 2701; x_wconf 91' lang='lat' dir='ltr'><strong>particula</strong></span> <span class='ocrx_word' id='word_1_253' title='bbox 1116 2637 1274 2688; x_wconf 78' lang='lat' dir='ltr'><strong>adversativa</strong></span> <span class='ocrx_word' id='word_1_254' title='bbox 1286 2642 1312 2687; x_wconf 88' lang='lat' dir='ltr'><strong>et</strong></span> <span class='ocrx_word' id='word_1_255' title='bbox 1323 2650 1369 2687; x_wconf 89' lang='lat' dir='ltr'><strong>seu</strong></span> 
     </span>
     <span class='ocr_line' id='line_1_25' title="bbox 299 2723 1369 2789; baseline 0.002 -14"><span class='ocrx_word' id='word_1_256' title='bbox 299 2732 381 2776; x_wconf 79' lang='lat' dir='ltr'><strong>nedem</strong></span> <span class='ocrx_word' id='word_1_257' title='bbox 392 2733 451 2789; x_wconf 89' lang='lat' dir='ltr'><strong>post</strong></span> <span class='ocrx_word' id='word_1_258' title='bbox 460 2726 575 2776; x_wconf 70' lang='lat' dir='ltr'><strong>neander.</strong></span> <span class='ocrx_word' id='word_1_259' title='bbox 588 2726 657 2789; x_wconf 84' lang='lat' dir='ltr'><strong>Ergo</strong></span> <span class='ocrx_word' id='word_1_260' title='bbox 666 2723 762 2776; x_wconf 71' lang='lat' dir='ltr'><strong>lacuna</strong></span> <span class='ocrx_word' id='word_1_261' title='bbox 772 2726 874 2788; x_wconf 87' lang='lat' dir='ltr'><strong>signum</strong></span> <span class='ocrx_word' id='word_1_262' title='bbox 884 2738 974 2787; x_wconf 87' lang='lat' dir='ltr'><strong>ponant</strong></span> <span class='ocrx_word' id='word_1_263' title='bbox 987 2733 1045 2788; x_wconf 89' lang='lat' dir='ltr'><strong>post</strong></span> <span class='ocrx_word' id='word_1_264' title='bbox 1057 2725 1148 2777; x_wconf 86' lang='lat' dir='ltr'><strong>verba:</strong></span> <span class='ocrx_word' id='word_1_265' title='bbox 1159 2724 1369 2789; x_wconf 75' lang='lat' dir='ltr'><strong>«putatvivere».</strong></span> 
     </span>
     <span class='ocr_line' id='line_1_26' title="bbox 301 2813 1369 2878; baseline 0 -15"><span class='ocrx_word' id='word_1_266' title='bbox 301 2840 330 2851; x_wconf 89' lang='lat'><em>-</em></span> <span class='ocrx_word' id='word_1_267' title='bbox 341 2814 357 2878; x_wconf 72' lang='lat'>5</span> <span class='ocrx_word' id='word_1_268' title='bbox 368 2814 409 2863; x_wconf 75' lang='lat'><strong>25.</strong></span> <span class='ocrx_word' id='word_1_269' title='bbox 419 2814 645 2876; x_wconf 79' lang='lat' dir='ltr'><strong>Transponrndum</strong></span> <span class='ocrx_word' id='word_1_270' title='bbox 657 2813 749 2875; x_wconf 91' lang='lat' dir='ltr'><strong>opinor</strong></span> <span class='ocrx_word' id='word_1_271' title='bbox 760 2814 920 2863; x_wconf 88' lang='lat' dir='ltr'><strong>membrum:</strong></span> <span class='ocrx_word' id='word_1_272' title='bbox 933 2826 1028 2877; x_wconf 86' lang='lat' dir='ltr'><strong>«quem</strong></span> <span class='ocrx_word' id='word_1_273' title='bbox 1041 2813 1152 2864; x_wconf 87' lang='lat' dir='ltr'><strong>libenter</strong></span> <span class='ocrx_word' id='word_1_274' title='bbox 1169 2824 1276 2863; x_wconf 89' lang='lat' dir='ltr'><strong>cenasse</strong></span> <span class='ocrx_word' id='word_1_275' title='bbox 1293 2825 1369 2863; x_wconf 92' lang='lat' dir='ltr'><strong>nemo</strong></span> 
     </span>
     <span class='ocr_line' id='line_1_27' title="bbox 301 2899 1370 2965; baseline -0.002 -14"><span class='ocrx_word' id='word_1_276' title='bbox 301 2907 408 2965; x_wconf 73' lang='lat' dir='ltr'><strong>negat»,</strong></span> <span class='ocrx_word' id='word_1_277' title='bbox 420 2908 480 2951; x_wconf 87' lang='lat' dir='ltr'><strong>ante</strong></span> <span class='ocrx_word' id='word_1_278' title='bbox 500 2912 593 2951; x_wconf 81' lang='lat' dir='ltr'><strong>uoces:</strong></span> <span class='ocrx_word' id='word_1_279' title='bbox 606 2906 697 2951; x_wconf 77' lang='lat' dir='ltr'><strong>«recte</strong></span> <span class='ocrx_word' id='word_1_280' title='bbox 713 2899 835 2950; x_wconf 90' lang='lat' dir='ltr'><strong>miserum</strong></span> <span class='ocrx_word' id='word_1_281' title='bbox 846 2914 872 2961; x_wconf 78' lang='lat'><strong>-3</strong></span> <span class='ocrx_word' id='word_1_282' title='bbox 885 2901 923 2949; x_wconf 91' lang='lat' dir='ltr'><strong>sic</strong></span> <span class='ocrx_word' id='word_1_283' title='bbox 933 2900 1026 2951; x_wconf 89' lang='lat' dir='ltr'><strong>melius</strong></span> <span class='ocrx_word' id='word_1_284' title='bbox 1037 2900 1152 2951; x_wconf 90' lang='lat' dir='ltr'><strong>cernitur</strong></span> <span class='ocrx_word' id='word_1_285' title='bbox 1164 2899 1290 2963; x_wconf 87' lang='lat' dir='ltr'><strong>oppositio</strong></span> <span class='ocrx_word' id='word_1_286' title='bbox 1302 2899 1370 2949; x_wconf 91' lang='lat' dir='ltr'><strong>inter</strong></span> 
     </span>
     <span class='ocr_line' id='line_1_28' title="bbox 300 2986 1371 3051; baseline -0.003 -13"><span class='ocrx_word' id='word_1_287' title='bbox 300 2989 421 3040; x_wconf 87' lang='lat' dir='ltr'><strong>ndrerbia</strong></span> <span class='ocrx_word' id='word_1_288' title='bbox 434 2988 492 3039; x_wconf 80' lang='lat' dir='ltr'><strong>bene</strong></span> <span class='ocrx_word' id='word_1_289' title='bbox 503 2996 530 3039; x_wconf 92' lang='lat' dir='ltr'><strong>et</strong></span> <span class='ocrx_word' id='word_1_290' title='bbox 541 2989 659 3045; x_wconf 78' lang='lat' dir='ltr'><strong>libenter,-</strong></span> <span class='ocrx_word' id='word_1_291' title='bbox 670 2986 821 3051; x_wconf 82' lang='lat' dir='ltr'><strong>faciliusque</strong></span> <span class='ocrx_word' id='word_1_292' title='bbox 832 2987 984 3051; x_wconf 86' lang='lat' dir='ltr'><strong>intelligitur</strong></span> <span class='ocrx_word' id='word_1_293' title='bbox 995 2988 1053 3038; x_wconf 80' lang='lat' dir='ltr'><strong>dicit</strong></span> <span class='ocrx_word' id='word_1_294' title='bbox 1065 3000 1122 3038; x_wconf 89' lang='lat' dir='ltr'><strong>oum</strong></span> <span class='ocrx_word' id='word_1_295' title='bbox 1133 2988 1235 3039; x_wconf 72' lang='lat' dir='ltr'><strong>incisor</strong></span> <span class='ocrx_word' id='word_1_296' title='bbox 1245 2995 1314 3037; x_wconf 92' lang='lat' dir='ltr'><strong>recte</strong></span> <span class='ocrx_word' id='word_1_297' title='bbox 1323 2986 1371 3037; x_wconf 90' lang='lat' dir='ltr'><strong>mi·</strong></span> 
     </span>
     <span class='ocr_line' id='line_1_29' title="bbox 300 3073 1370 3141; baseline -0.002 -16"><span class='ocrx_word' id='word_1_298' title='bbox 300 3090 418 3139; x_wconf 77' lang='lat' dir='ltr'><strong>serum»,</strong></span> <span class='ocrx_word' id='word_1_299' title='bbox 430 3076 465 3128; x_wconf 89' lang='lat' dir='ltr'><strong>eb</strong></span> <span class='ocrx_word' id='word_1_300' title='bbox 480 3077 640 3141; x_wconf 81' lang='lat' dir='ltr'><strong>interjectam</strong></span> <span class='ocrx_word' id='word_1_301' title='bbox 652 3076 816 3127; x_wconf 87' lang='lat' dir='ltr'><strong>sententiam.</strong></span> <span class='ocrx_word' id='word_1_302' title='bbox 827 3102 860 3113; x_wconf 91' lang='lat'>-</span> <span class='ocrx_word' id='word_1_303' title='bbox 871 3075 950 3126; x_wconf 85' lang='lat' dir='ltr'><strong>belen</strong></span> <span class='ocrx_word' id='word_1_304' title='bbox 961 3088 1019 3127; x_wconf 88' lang='lat' dir='ltr'><strong>curn</strong></span> <span class='ocrx_word' id='word_1_305' title='bbox 1035 3075 1204 3138; x_wconf 83' lang='lat' dir='ltr'><strong>Wesenberg.</strong></span> <span class='ocrx_word' id='word_1_306' title='bbox 1217 3083 1244 3125; x_wconf 88' lang='lat' dir='ltr'><strong>et</strong></span> <span class='ocrx_word' id='word_1_307' title='bbox 1260 3073 1370 3136; x_wconf 83' lang='lat' dir='ltr'><strong>iladvig.</strong></span> 
     </span>
     <span class='ocr_line' id='line_1_30' title="bbox 301 3164 972 3229; baseline -0.003 -14"><span class='ocrx_word' id='word_1_308' title='bbox 301 3166 376 3228; x_wconf 76' lang='lat' dir='ltr'><strong>mab,</strong></span> <span class='ocrx_word' id='word_1_309' title='bbox 390 3172 542 3229; x_wconf 69' lang='lat' dir='ltr'><strong>postpono,</strong></span> <span class='ocrx_word' id='word_1_310' title='bbox 555 3173 580 3216; x_wconf 89' lang='lat' dir='ltr'><strong>et</strong></span> <span class='ocrx_word' id='word_1_311' title='bbox 591 3166 657 3216; x_wconf 91' lang='lat' dir='ltr'><strong>addo</strong></span> <span class='ocrx_word' id='word_1_312' title='bbox 674 3165 744 3223; x_wconf 84' lang='lat' dir='ltr'><strong>bene,</strong></span> <span class='ocrx_word' id='word_1_313' title='bbox 757 3171 815 3228; x_wconf 87' lang='lat' dir='ltr'><strong>post</strong></span> <span class='ocrx_word' id='word_1_314' title='bbox 827 3178 878 3214; x_wconf 89' lang='lat' dir='ltr'><strong>non</strong></span> <span class='ocrx_word' id='word_1_315' title='bbox 889 3164 972 3227; x_wconf 85' lang='lat' dir='ltr'><strong>ipitur.</strong></span> 
     </span>
    </p>

    <p class='ocr_par' dir='ltr' id='par_1_4' title="bbox 301 3251 1419 4375">
     <span class='ocr_line' id='line_1_31' title="bbox 333 3251 1369 3318; baseline -0.004 -15"><span class='ocrx_word' id='word_1_316' title='bbox 333 3254 373 3303; x_wconf 89' lang='lat' dir='ltr'><strong>ill.</strong></span> <span class='ocrx_word' id='word_1_317' title='bbox 386 3254 512 3304; x_wconf 86' lang='lat' dir='ltr'><strong>Orationis</strong></span> <span class='ocrx_word' id='word_1_318' title='bbox 524 3261 618 3315; x_wconf 83' lang='lat' dir='ltr'><strong>motus,</strong></span> <span class='ocrx_word' id='word_1_319' title='bbox 630 3253 866 3316; x_wconf 86' lang='lat' dir='ltr'><strong>sententiarumque</strong></span> <span class='ocrx_word' id='word_1_320' title='bbox 878 3252 961 3303; x_wconf 87' lang='lat' dir='ltr'><strong>series</strong></span> <span class='ocrx_word' id='word_1_321' title='bbox 972 3252 1074 3310; x_wconf 78' lang='lat' dir='ltr'><strong>melius,</strong></span> <span class='ocrx_word' id='word_1_322' title='bbox 1082 3253 1183 3315; x_wconf 87' lang='lat' dir='ltr'><strong>opinor,</strong></span> <span class='ocrx_word' id='word_1_323' title='bbox 1190 3251 1369 3318; x_wconf 80' lang='lat' dir='ltr'><strong>servabuntur,</strong></span> 
     </span>
     <span class='ocr_line' id='line_1_32' title="bbox 301 3337 1371 3406; baseline -0.001 -15"><span class='ocrx_word' id='word_1_324' title='bbox 301 3343 323 3391; x_wconf 91' lang='lat' dir='ltr'><strong>si</strong></span> <span class='ocrx_word' id='word_1_325' title='bbox 335 3342 449 3393; x_wconf 90' lang='lat' dir='ltr'><strong>nltimam</strong></span> <span class='ocrx_word' id='word_1_326' title='bbox 460 3337 482 3406; x_wconf 72' lang='lat'><strong>§¹</strong></span> <span class='ocrx_word' id='word_1_327' title='bbox 494 3342 526 3392; x_wconf 75' lang='lat'><strong>25</strong></span> <span class='ocrx_word' id='word_1_328' title='bbox 538 3342 695 3406; x_wconf 83' lang='lat' dir='ltr'><strong>primamque</strong></span> <span class='ocrx_word' id='word_1_329' title='bbox 706 3342 726 3404; x_wconf 70' lang='lat' dir='ltr'><strong>§i</strong></span> <span class='ocrx_word' id='word_1_330' title='bbox 739 3342 771 3393; x_wconf 74' lang='lat'><strong>26</strong></span> <span class='ocrx_word' id='word_1_331' title='bbox 781 3342 936 3392; x_wconf 90' lang='lat' dir='ltr'><strong>sententiam</strong></span> <span class='ocrx_word' id='word_1_332' title='bbox 949 3349 1108 3405; x_wconf 84' lang='lat' dir='ltr'><strong>transponas.</strong></span> <span class='ocrx_word' id='word_1_333' title='bbox 1118 3368 1149 3378; x_wconf 88' lang='lat'>-</span> <span class='ocrx_word' id='word_1_334' title='bbox 1160 3341 1246 3392; x_wconf 88' lang='lat' dir='ltr'><strong>Placet</strong></span> <span class='ocrx_word' id='word_1_335' title='bbox 1258 3340 1371 3391; x_wconf 85' lang='lat' dir='ltr'><strong>Ernestii</strong></span> 
     </span>
     <span class='ocr_line' id='line_1_33' title="bbox 301 3427 1369 3494; baseline 0.001 -17"><span class='ocrx_word' id='word_1_336' title='bbox 301 3430 443 3481; x_wconf 86' lang='lat' dir='ltr'><strong>correctio:</strong></span> <span class='ocrx_word' id='word_1_337' title='bbox 456 3430 520 3480; x_wconf 84' lang='lat' dir='ltr'><strong>«sed</strong></span> <span class='ocrx_word' id='word_1_338' title='bbox 539 3430 616 3481; x_wconf 90' lang='lat' dir='ltr'><strong>etiam</strong></span> <span class='ocrx_word' id='word_1_339' title='bbox 635 3430 782 3492; x_wconf 80' lang='lat' dir='ltr'><strong>loquemini,</strong></span> <span class='ocrx_word' id='word_1_340' title='bbox 802 3439 832 3480; x_wconf 93' lang='lat' dir='ltr'><strong>ut</strong></span> <span class='ocrx_word' id='word_1_341' title='bbox 848 3430 933 3491; x_wconf 85' lang='lat' dir='ltr'><strong>decet,</strong></span> <span class='ocrx_word' id='word_1_342' title='bbox 951 3427 1083 3494; x_wconf 74' lang='lat' dir='ltr'><strong>frugaliter</strong></span> <span class='ocrx_word' id='word_1_343' title='bbox 1093 3443 1122 3490; x_wconf 73' lang='grc' dir='ltr'><strong>»ς</strong></span> <span class='ocrx_word' id='word_1_344' title='bbox 1135 3428 1184 3479; x_wconf 89' lang='lat' dir='ltr'><strong>nisi</strong></span> <span class='ocrx_word' id='word_1_345' title='bbox 1197 3429 1269 3480; x_wconf 90' lang='lat' dir='ltr'><strong>malis</strong></span> <span class='ocrx_word' id='word_1_346' title='bbox 1281 3428 1369 3491; x_wconf 86' lang='lat' dir='ltr'><strong>legere</strong></span> 
     </span>
     <span class='ocr_line' id='line_1_34' title="bbox 302 3517 1370 3583; baseline 0 -18"><span class='ocrx_word' id='word_1_347' title='bbox 302 3518 381 3577; x_wconf 80' lang='lat' dir='ltr'><strong>licent.</strong></span> <span class='ocrx_word' id='word_1_348' title='bbox 401 3531 447 3580; x_wconf 91' lang='lat' dir='ltr'><strong>pro</strong></span> <span class='ocrx_word' id='word_1_349' title='bbox 459 3518 551 3575; x_wconf 79' lang='lat' dir='ltr'><strong>decent.</strong></span> <span class='ocrx_word' id='word_1_350' title='bbox 563 3524 622 3580; x_wconf 91' lang='lat' dir='ltr'><strong>post</strong></span> <span class='ocrx_word' id='word_1_351' title='bbox 633 3518 709 3583; x_wconf 79' lang='lat' dir='ltr'><strong>lopati.</strong></span> <span class='ocrx_word' id='word_1_352' title='bbox 722 3543 753 3554; x_wconf 93' lang='lat'>-</span> <span class='ocrx_word' id='word_1_353' title='bbox 764 3518 777 3579; x_wconf 62' lang='grc' dir='ltr'><strong>ξ</strong></span> <span class='ocrx_word' id='word_1_354' title='bbox 787 3517 827 3567; x_wconf 72' lang='lat'><strong>26.</strong></span> <span class='ocrx_word' id='word_1_355' title='bbox 842 3518 937 3581; x_wconf 80' lang='lat' dir='ltr'><strong>begam</strong></span> <span class='ocrx_word' id='word_1_356' title='bbox 949 3530 1007 3567; x_wconf 89' lang='lat' dir='ltr'><strong>cum</strong></span> <span class='ocrx_word' id='word_1_357' title='bbox 1020 3518 1130 3579; x_wconf 70' lang='lat' dir='ltr'><strong>barasto,</strong></span> <span class='ocrx_word' id='word_1_358' title='bbox 1144 3517 1269 3580; x_wconf 90' lang='lat' dir='ltr'><strong>probante</strong></span> <span class='ocrx_word' id='word_1_359' title='bbox 1279 3525 1305 3566; x_wconf 93' lang='lat' dir='ltr'><strong>at</strong></span> <span class='ocrx_word' id='word_1_360' title='bbox 1319 3530 1370 3567; x_wconf 93' lang='lat' dir='ltr'><strong>non</strong></span> 
     </span>
     <span class='ocr_line' id='line_1_35' title="bbox 302 3605 1370 3679; baseline -0.005 -23"><span class='ocrx_word' id='word_1_361' title='bbox 302 3606 495 3667; x_wconf 86' lang='lat' dir='ltr'><strong>obtemperante</strong></span> <span class='ocrx_word' id='word_1_362' title='bbox 514 3605 652 3669; x_wconf 75' lang='lat' dir='ltr'><strong>Madvigio:</strong></span> <span class='ocrx_word' id='word_1_363' title='bbox 668 3606 752 3670; x_wconf 79' lang='lat' dir='ltr'><strong>«quod</strong></span> <span class='ocrx_word' id='word_1_364' title='bbox 769 3618 802 3656; x_wconf 93' lang='lat' dir='ltr'><strong>ne</strong></span> <span class='ocrx_word' id='word_1_365' title='bbox 824 3606 851 3655; x_wconf 93' lang='lat' dir='ltr'><strong>in</strong></span> <span class='ocrx_word' id='word_1_366' title='bbox 869 3619 933 3657; x_wconf 88' lang='lat' dir='ltr'><strong>cena</strong></span> <span class='ocrx_word' id='word_1_367' title='bbox 943 3624 956 3652; x_wconf 74' lang='lat' dir='ltr'><strong>r</strong></span> <span class='ocrx_word' id='word_1_368' title='bbox 966 3643 973 3663; x_wconf 87' lang='lat'>‚</span> <span class='ocrx_word' id='word_1_369' title='bbox 985 3619 1031 3669; x_wconf 88' lang='lat' dir='ltr'><strong>pro</strong></span> <span class='ocrx_word' id='word_1_370' title='bbox 1045 3627 1054 3648; x_wconf 71' lang='grc' dir='ltr'>ι</span> <span class='ocrx_word' id='word_1_371' title='bbox 1071 3619 1148 3679; x_wconf 80' lang='lat' dir='ltr'><strong>quant</strong></span> <span class='ocrx_word' id='word_1_372' title='bbox 1160 3606 1185 3655; x_wconf 84' lang='lat' dir='ltr'><strong>id</strong></span> <span class='ocrx_word' id='word_1_373' title='bbox 1197 3619 1238 3668; x_wconf 84' lang='lat' dir='ltr'><strong>ne,</strong></span> <span class='ocrx_word' id='word_1_374' title='bbox 1252 3614 1303 3656; x_wconf 91' lang='lat' dir='ltr'><strong>etc.</strong></span> <span class='ocrx_word' id='word_1_375' title='bbox 1315 3624 1328 3651; x_wconf 77' lang='lat' dir='ltr'><strong>o</strong></span> <span class='ocrx_word' id='word_1_376' title='bbox 1340 3632 1370 3641; x_wconf 91' lang='lat'>-</span> 
     </span>
     <span class='ocr_line' id='line_1_36' title="bbox 302 3693 1369 3757; baseline -0.001 -15"><span class='ocrx_word' id='word_1_377' title='bbox 302 3694 391 3755; x_wconf 80' lang='lat' dir='ltr'><strong>aptius</strong></span> <span class='ocrx_word' id='word_1_378' title='bbox 408 3694 551 3757; x_wconf 85' lang='lat' dir='ltr'><strong>legeretur,</strong></span> <span class='ocrx_word' id='word_1_379' title='bbox 564 3700 622 3755; x_wconf 89' lang='lat' dir='ltr'><strong>post</strong></span> <span class='ocrx_word' id='word_1_380' title='bbox 637 3693 729 3746; x_wconf 83' lang='lat' dir='ltr'><strong>rerba:</strong></span> <span class='ocrx_word' id='word_1_381' title='bbox 744 3694 807 3745; x_wconf 76' lang='lat' dir='ltr'><strong>«sed</strong></span> <span class='ocrx_word' id='word_1_382' title='bbox 827 3693 946 3757; x_wconf 80' lang='lat' dir='ltr'><strong>frangere</strong></span> <span class='ocrx_word' id='word_1_383' title='bbox 956 3714 984 3752; x_wconf 72' lang='grc' dir='ltr'><strong>ι,</strong></span> <span class='ocrx_word' id='word_1_384' title='bbox 1002 3694 1162 3746; x_wconf 84' lang='lat' dir='ltr'><strong>membrum:</strong></span> <span class='ocrx_word' id='word_1_385' title='bbox 1178 3694 1317 3743; x_wconf 73' lang='lat' dir='ltr'><strong>«vitiosum</strong></span> <span class='ocrx_word' id='word_1_386' title='bbox 1329 3701 1369 3742; x_wconf 89' lang='lat' dir='ltr'><strong>est</strong></span> 
     </span>
     <span class='ocr_line' id='line_1_37' title="bbox 303 3782 1370 3846; baseline -0.001 -16"><span class='ocrx_word' id='word_1_387' title='bbox 303 3782 372 3831; x_wconf 89' lang='lat' dir='ltr'><strong>enirn</strong></span> <span class='ocrx_word' id='word_1_388' title='bbox 390 3782 416 3831; x_wconf 91' lang='lat' dir='ltr'><strong>in</strong></span> <span class='ocrx_word' id='word_1_389' title='bbox 432 3782 572 3832; x_wconf 83' lang='lat' dir='ltr'><strong>diuidendo</strong></span> <span class='ocrx_word' id='word_1_390' title='bbox 592 3789 689 3846; x_wconf 88' lang='lat' dir='ltr'><strong>partem</strong></span> <span class='ocrx_word' id='word_1_391' title='bbox 710 3782 736 3832; x_wconf 93' lang='lat' dir='ltr'><strong>in</strong></span> <span class='ocrx_word' id='word_1_392' title='bbox 752 3795 849 3846; x_wconf 88' lang='lat' dir='ltr'><strong>genere</strong></span> <span class='ocrx_word' id='word_1_393' title='bbox 861 3796 1067 3838; x_wconf 83' lang='lat' dir='ltr'><strong>numerare.·.-</strong></span> <span class='ocrx_word' id='word_1_394' title='bbox 1079 3784 1197 3834; x_wconf 83' lang='lat' dir='ltr'><strong>Fortasse</strong></span> <span class='ocrx_word' id='word_1_395' title='bbox 1209 3782 1319 3845; x_wconf 84' lang='lat' dir='ltr'><strong>duplicis</strong></span> <span class='ocrx_word' id='word_1_396' title='bbox 1331 3782 1370 3843; x_wconf 93' lang='lat' dir='ltr'><strong>ip-</strong></span> 
     </span>
     <span class='ocr_line' id='line_1_38' title="bbox 303 3867 1419 3935; baseline 0.002 -17"><span class='ocrx_word' id='word_1_397' title='bbox 303 3871 357 3920; x_wconf 90' lang='lat' dir='ltr'><strong>sius</strong></span> <span class='ocrx_word' id='word_1_398' title='bbox 367 3870 441 3921; x_wconf 87' lang='lat' dir='ltr'><strong>Tullii</strong></span> <span class='ocrx_word' id='word_1_399' title='bbox 453 3871 636 3923; x_wconf 89' lang='lat' dir='ltr'><strong>enuntiationis</strong></span> <span class='ocrx_word' id='word_1_400' title='bbox 647 3872 754 3935; x_wconf 81' lang='lat' dir='ltr'><strong>vestigia</strong></span> <span class='ocrx_word' id='word_1_401' title='bbox 771 3871 896 3922; x_wconf 88' lang='lat' dir='ltr'><strong>babemus</strong></span> <span class='ocrx_word' id='word_1_402' title='bbox 907 3871 932 3920; x_wconf 94' lang='lat' dir='ltr'><strong>in</strong></span> <span class='ocrx_word' id='word_1_403' title='bbox 946 3872 1068 3921; x_wconf 85' lang='lat' dir='ltr'><strong>uarietate</strong></span> <span class='ocrx_word' id='word_1_404' title='bbox 1084 3871 1224 3921; x_wconf 88' lang='lat' dir='ltr'><strong>lectionum</strong></span> <span class='ocrx_word' id='word_1_405' title='bbox 1235 3881 1310 3932; x_wconf 88' lang='lat' dir='ltr'><strong>quarn</strong></span> <span class='ocrx_word' id='word_1_406' title='bbox 1322 3868 1372 3926; x_wconf 85' lang='lat' dir='ltr'><strong>hoc</strong></span> <span class='ocrx_word' id='word_1_407' title='bbox 1418 3867 1419 3870; x_wconf 71' lang='grc'>’</span> 
     </span>
     <span class='ocr_line' id='line_1_39' title="bbox 304 3956 1372 4023; baseline 0.002 -16"><span class='ocrx_word' id='word_1_408' title='bbox 304 3958 360 4009; x_wconf 87' lang='lat' dir='ltr'><strong>loco</strong></span> <span class='ocrx_word' id='word_1_409' title='bbox 370 3959 494 4009; x_wconf 84' lang='lat' dir='ltr'><strong>exbibent</strong></span> <span class='ocrx_word' id='word_1_410' title='bbox 504 3959 618 4021; x_wconf 86' lang='lat' dir='ltr'><strong>codices,</strong></span> <span class='ocrx_word' id='word_1_411' title='bbox 631 3973 739 4023; x_wconf 90' lang='lat' dir='ltr'><strong>quorum</strong></span> <span class='ocrx_word' id='word_1_412' title='bbox 751 3959 793 4009; x_wconf 91' lang='lat' dir='ltr'><strong>alii</strong></span> <span class='ocrx_word' id='word_1_413' title='bbox 806 3959 875 4023; x_wconf 87' lang='lat' dir='ltr'><strong>iique</strong></span> <span class='ocrx_word' id='word_1_414' title='bbox 888 3959 977 4022; x_wconf 88' lang='lat' dir='ltr'><strong>optimi</strong></span> <span class='ocrx_word' id='word_1_415' title='bbox 988 3959 1064 4010; x_wconf 88' lang='lat' dir='ltr'><strong>daut:</strong></span> <span class='ocrx_word' id='word_1_416' title='bbox 1079 3977 1090 4001; x_wconf 78' lang='lat' dir='ltr'><strong>o</strong></span> <span class='ocrx_word' id='word_1_417' title='bbox 1102 3958 1150 4019; x_wconf 84' lang='lat' dir='ltr'><strong>Qui</strong></span> <span class='ocrx_word' id='word_1_418' title='bbox 1161 3958 1214 4006; x_wconf 82' lang='lat' dir='ltr'><strong>baec</strong></span> <span class='ocrx_word' id='word_1_419' title='bbox 1226 3956 1372 4009; x_wconf 84' lang='lat' dir='ltr'><strong>didicerunt</strong></span> 
     </span>
     <span class='ocr_line' id='line_1_40' title="bbox 303 4044 1372 4111; baseline 0.001 -17"><span class='ocrx_word' id='word_1_420' title='bbox 303 4058 360 4108; x_wconf 79' lang='lat' dir='ltr'><strong>qrrte</strong></span> <span class='ocrx_word' id='word_1_421' title='bbox 379 4046 423 4096; x_wconf 92' lang='lat' dir='ltr'><strong>ille</strong></span> <span class='ocrx_word' id='word_1_422' title='bbox 441 4047 592 4108; x_wconf 83' lang='lat' dir='ltr'><strong>contemnit,</strong></span> <span class='ocrx_word' id='word_1_423' title='bbox 611 4047 649 4097; x_wconf 87' lang='lat' dir='ltr'><strong>sic</strong></span> <span class='ocrx_word' id='word_1_424' title='bbox 667 4048 765 4098; x_wconf 89' lang='lat' dir='ltr'><strong>solent:</strong></span> <span class='ocrx_word' id='word_1_425' title='bbox 778 4047 830 4097; x_wconf 87' lang='lat' dir='ltr'><strong>duo</strong></span> <span class='ocrx_word' id='word_1_426' title='bbox 841 4058 936 4111; x_wconf 83' lang='lat' dir='ltr'><strong>genera</strong></span> <span class='ocrx_word' id='word_1_427' title='bbox 949 4046 1126 4109; x_wconf 86' lang='lat' dir='ltr'><strong>cupiditatum,</strong></span> <span class='ocrx_word' id='word_1_428' title='bbox 1139 4044 1268 4096; x_wconf 85' lang='lat' dir='ltr'><strong>naturales</strong></span> <span class='ocrx_word' id='word_1_429' title='bbox 1279 4052 1306 4095; x_wconf 93' lang='lat' dir='ltr'><strong>et</strong></span> <span class='ocrx_word' id='word_1_430' title='bbox 1318 4046 1372 4095; x_wconf 92' lang='lat' dir='ltr'><strong>ina·</strong></span> 
     </span>
     <span class='ocr_line' id='line_1_41' title="bbox 304 4132 1371 4196; baseline 0.003 -15"><span class='ocrx_word' id='word_1_431' title='bbox 304 4144 365 4193; x_wconf 86' lang='lat' dir='ltr'><strong>nes;</strong></span> <span class='ocrx_word' id='word_1_432' title='bbox 377 4133 529 4184; x_wconf 88' lang='lat' dir='ltr'><strong>naturalium</strong></span> <span class='ocrx_word' id='word_1_433' title='bbox 548 4134 615 4196; x_wconf 84' lang='lat' dir='ltr'><strong>duo,</strong></span> <span class='ocrx_word' id='word_1_434' title='bbox 628 4135 780 4185; x_wconf 80' lang='lat' dir='ltr'><strong>necessarie</strong></span> <span class='ocrx_word' id='word_1_435' title='bbox 798 4141 825 4184; x_wconf 91' lang='lat' dir='ltr'><strong>et</strong></span> <span class='ocrx_word' id='word_1_436' title='bbox 844 4147 896 4184; x_wconf 89' lang='lat' dir='ltr'><strong>non</strong></span> <span class='ocrx_word' id='word_1_437' title='bbox 908 4133 1069 4184; x_wconf 86' lang='lat' dir='ltr'><strong>neccssariae.</strong></span> <span class='ocrx_word' id='word_1_438' title='bbox 1082 4132 1202 4188; x_wconf 62' lang='lat' dir='ltr'><strong>mulcete</strong></span> <span class='ocrx_word' id='word_1_439' title='bbox 1216 4145 1258 4184; x_wconf 88' lang='lat' dir='ltr'><strong>res</strong></span> <span class='ocrx_word' id='word_1_440' title='bbox 1270 4142 1371 4184; x_wconf 80' lang='lat' dir='ltr'><strong>esset».</strong></span> 
     </span>
     <span class='ocr_line' id='line_1_42' title="bbox 304 4220 1372 4286; baseline 0.002 -17"><span class='ocrx_word' id='word_1_441' title='bbox 304 4220 459 4273; x_wconf 76' lang='lat' dir='ltr'><strong>aliibabent</strong></span> <span class='ocrx_word' id='word_1_442' title='bbox 469 4238 476 4270; x_wconf 92' lang='lat'>:</span> <span class='ocrx_word' id='word_1_443' title='bbox 487 4242 496 4265; x_wconf 76' lang='grc' dir='ltr'>ι</span> <span class='ocrx_word' id='word_1_444' title='bbox 506 4221 553 4282; x_wconf 86' lang='lat' dir='ltr'><strong>Qui</strong></span> <span class='ocrx_word' id='word_1_445' title='bbox 564 4223 587 4273; x_wconf 94' lang='lat' dir='ltr'><strong>si</strong></span> <span class='ocrx_word' id='word_1_446' title='bbox 598 4223 696 4275; x_wconf 86' lang='lat' dir='ltr'><strong>diceret</strong></span> <span class='ocrx_word' id='word_1_447' title='bbox 708 4224 876 4286; x_wconf 84' lang='lat' dir='ltr'><strong>cupiditatum</strong></span> <span class='ocrx_word' id='word_1_448' title='bbox 893 4234 951 4273; x_wconf 89' lang='lat' dir='ltr'><strong>esse</strong></span> <span class='ocrx_word' id='word_1_449' title='bbox 964 4221 1015 4272; x_wconf 87' lang='lat' dir='ltr'><strong>duo</strong></span> <span class='ocrx_word' id='word_1_450' title='bbox 1026 4222 1264 4285; x_wconf 84' lang='lat' dir='ltr'><strong>generanatnrales</strong></span> <span class='ocrx_word' id='word_1_451' title='bbox 1276 4231 1303 4273; x_wconf 93' lang='lat' dir='ltr'><strong>et</strong></span> <span class='ocrx_word' id='word_1_452' title='bbox 1315 4223 1372 4272; x_wconf 91' lang='lat' dir='ltr'><strong>ina-</strong></span> 
     </span>
     <span class='ocr_line' id='line_1_43' title="bbox 305 4308 1373 4375; baseline 0 -16"><span class='ocrx_word' id='word_1_453' title='bbox 305 4323 366 4371; x_wconf 87' lang='lat' dir='ltr'><strong>nes;</strong></span> <span class='ocrx_word' id='word_1_454' title='bbox 379 4312 530 4362; x_wconf 89' lang='lat' dir='ltr'><strong>naturalium</strong></span> <span class='ocrx_word' id='word_1_455' title='bbox 542 4325 643 4375; x_wconf 83' lang='lat' dir='ltr'><strong>quoque</strong></span> <span class='ocrx_word' id='word_1_456' title='bbox 657 4313 717 4361; x_wconf 89' lang='lat' dir='ltr'><strong>item</strong></span> <span class='ocrx_word' id='word_1_457' title='bbox 729 4312 790 4373; x_wconf 88' lang='lat' dir='ltr'><strong>duo,</strong></span> <span class='ocrx_word' id='word_1_458' title='bbox 804 4310 962 4361; x_wconf 87' lang='lat' dir='ltr'><strong>necessarias</strong></span> <span class='ocrx_word' id='word_1_459' title='bbox 973 4317 1000 4361; x_wconf 87' lang='lat' dir='ltr'><strong>el</strong></span> <span class='ocrx_word' id='word_1_460' title='bbox 1012 4323 1061 4361; x_wconf 94' lang='lat' dir='ltr'><strong>non</strong></span> <span class='ocrx_word' id='word_1_461' title='bbox 1074 4310 1232 4362; x_wconf 88' lang='lat' dir='ltr'><strong>necessarias</strong></span> <span class='ocrx_word' id='word_1_462' title='bbox 1241 4327 1247 4359; x_wconf 78' lang='lat' dir='ltr'>z</span> <span class='ocrx_word' id='word_1_463' title='bbox 1256 4308 1373 4361; x_wconf 89' lang='lat' dir='ltr'><strong>coniecta</strong></span> 
     </span>
    </p>
   </div>
   <div class='ocr_carea' id='block_1_3' title="bbox 0 0 1680 5159">
    <p class='ocr_par' dir='ltr' id='par_1_5' title="bbox 0 0 1680 5159">
     <span class='ocr_line' id='line_1_44' title="bbox 0 0 1680 5159; baseline 0 0"><span class='ocrx_word' id='word_1_464' title='bbox 0 0 1680 5159; x_wconf 95' lang='lat' dir='ltr'><strong> </strong></span> 
     </span>
    </p>
   </div>
  </div>
 </body>
</html>
