3325 5159
459 578 693 640 Toseuouuuuou
710 591 941 636 orsruruuouuu
956 580 1000 648 lv,
1019 592 1106 649 r-vur,
1122 580 1201 635 e-is.
1334 582 1350 635 Ι
1356 581 1365 633 Ι

329 716 437 776 ΙΙΙΙΙΙΙΙΙ,
455 714 522 780 581.
540 715 632 765 mutus
645 729 704 765 rere
723 716 889 766 indicativum
904 723 990 766 tuetur
1007 718 1033 766 iu
1046 717 1153 767 formula
1171 735 1183 762 o
1198 730 1254 781 qnae
1266 716 1317 767 dici
1329 731 1369 767 so-

300 808 354 855 lrul
367 827 388 853 ι.
405 833 436 842 -
452 806 515 867 §⁸2-
533 806 646 856 Alterum
663 810 763 867 tomen,
780 807 848 869 quod
866 805 999 869 legebatur
1013 814 1071 869 post
1089 827 1099 849 ι
1114 807 1291 869 aegritudiuem
1308 819 1369 856 sus-

300 896 400 955 tulit»,
423 894 597 957 suspicionem
615 895 708 955 movit,
728 895 770 943 cui
786 895 888 945 obuiam
905 896 952 945 ivit
968 895 1064 945 lieilius
1087 895 1188 955 (Quaest.
1210 895 1274 944 Tull.
1294 895 1369 957 Spec.

301 997 326 1044 p.
340 987 416 1039 xviii)
429 982 539 1044 legendo
550 983 643 1032 iterum
655 982 755 1032 rustnlit
767 990 793 1033 et
804 983 923 1033 addendo
936 984 1017 1032 etiam.
1032 1010 1062 1020 -
1076 982 1160 1031 Malim
1174 982 1261 1045 legere
1274 998 1280 1029 ε
1294 1000 1307 1025 ιι
1324 985 1372 1031 ete·

300 1072 355 1119 nim
366 1070 524 1133 singularum
536 1083 622 1120 rerum
633 1071 809 1134 suutpropriae
820 1072 1046 1134 consolationes»,
1060 1085 1106 1134 pro
1119 1072 1172 1132 etsi,
1185 1072 1253 1135 quod
1266 1084 1371 1133 suspec-

303 1168 357 1209 tum
370 1166 411 1210 cst
422 1167 449 1210 ct
460 1160 616 1222 ambiguum.

670 1654 784 1719 LIBER
808 1652 1005 1730 QUARTUS.

773 1856 906 1867 nn·—

337 1980 360 2041 1,
381 1979 428 2042 52.
445 1978 555 2043 Madvig.
568 1978 705 2042 legendum
720 1990 778 2029 esse
790 1985 879 2028 censet
897 1997 908 2022 o
923 1978 1055 2041 sapientia
1067 1978 1198 2028 nobilitate
1210 1998 1220 2021 ιι
1239 1992 1285 2041 pro
1303 1990 1372 2029 rsa·

304 2069 401 2131 pientia
414 2074 441 2117 et
452 2066 602 2128 nobilitate3
622 2089 632 2110 α
647 2081 722 2130 quem
735 2079 837 2129 sequar,
857 2066 903 2117 sed
923 2066 1006 2128 legam
1019 2066 1163 2129 prostantis
1179 2080 1225 2129 pro
1235 2066 1371 2129 prestanti.

303 2156 438 2206 -Alieno
450 2156 507 2206 loco
519 2156 628 2218 positum
642 2156 742 2205 videtur
753 2155 861 2204 incisum
883 2176 893 2198 «
909 2168 938 2204 ea
951 2168 1007 2217 quae
1018 2168 1109 2219 magua
1127 2155 1193 2205 dicta
1213 2162 1253 2205 est
1268 2177 1277 2196 ·
1296 2155 1373 2217 idque

304 2243 509 2294 transferendum
529 2256 586 2293 esse
606 2243 696 2305 opinor
722 2256 768 2292 seu
788 2251 848 2293 ame
865 2255 912 2292 seu
928 2250 984 2303 post
1004 2256 1060 2292 roc.
1082 2242 1184 2294 Graecic.
1207 2243 1298 2294 Ver-bis
1322 2242 1373 2291 «iu

305 2332 375 2382 ltalia
389 2353 399 2375 ι
418 2331 492 2382 lacile
504 2344 615 2381 caream.
632 2329 705 2380 Conl.
718 2330 748 2393 ΙΙ,
762 2331 801 2381 to.

338 2418 368 2479 ΙΙ,
381 2418 394 2482 5
406 2419 429 2467 5.
448 2417 551 2467 Deleam
563 2432 620 2467 cum
634 2417 711 2466 Balio
724 2416 831 2466 verbum
844 2419 976 2480 consequi,
995 2417 1062 2480 qtrod
1078 2418 1211 2479 scriptoris
1229 2418 1309 2467 menti
1325 2432 1374 2468 uon

303 2506 444 2569 respondet
456 2514 482 2556 et
493 2505 567 2555 facile
578 2507 670 2555 abesse
683 2512 776 2568 potest.
795 2505 914 2555 Fortasse
927 2508 988 2555 latet
1001 2506 1058 2554 adv.
1073 2506 1211 2566 confestim,
1227 2507 1294 2569 quod
1307 2507 1375 2556 bene

303 2593 426 2645 coiiueuit
436 2608 495 2644 cum
506 2595 581 2643 ιΙιιιιιΙ
592 2598 633 2650 ui.-
645 2608 701 2658 quae
713 2594 860 2658 conjectura
873 2594 983 2643 debetur
994 2594 1078 2643 eidem
1087 2593 1187 2643 erudito
1199 2593 1289 2644 lectori
1298 2606 1375 2656 quem

304 2681 503 2732 memoravimus
513 2682 545 2731 ad
560 2682 601 2741 ill,
612 2682 654 2731 28.

338 2770 368 2831 ΙΙ,
381 2770 393 2832 l
407 2770 446 2820 ld.
463 2770 561 2832 Sequor
569 2770 696 2819 Baiterum
708 2770 837 2820 delentem
849 2770 946 2830 fuciunt
959 2777 1017 2832 post
1026 2770 1190 2834 participem·
1205 2768 1375 2832 Wesenberg.

306 2858 436 2921 legentem
455 2879 464 2901 ι
479 2872 535 2906 cnm
547 2858 592 2906 irae
606 2878 616 2899 »
634 2870 681 2919 pro
694 2861 765 2913 tum,·
782 2858 876 2920 quibus
890 2858 1006 2907 Baiterus
1017 2857 1215 2920 obtemperavit.

337 2948 385 3008 ΙΙΙ,
403 2947 415 3009 l
434 2949 471 2998 it.
491 2946 660 3010 Oppouuutur
679 2959 729 2995 nou
746 2950 830 2995 solum
849 2946 952 3008 sapiens
971 2954 998 2995 et
1016 2945 1102 3007 stulti,
1122 2946 1168 2995 sed
1187 2946 1265 2995 etiam
1283 2945 1377 2994 malum

305 3048 419 3097 praesens
431 3034 558 3085 etmalum
570 3034 710 3096 opinatum,
724 3033 809 3095 itaque
817 3032 901 3096 legam
912 3046 971 3082 cum
980 3032 1110 3083 Bentleio:
1131 3054 1141 3075 ι
1156 3032 1292 3083 Praesentis
1302 3032 1378 3081 etium

306 3124 366 3174 mali
377 3125 488 3186 sapienti
498 3123 609 3174 adiectio
620 3121 687 3172 nulla
700 3130 756 3182 est;
769 3122 855 3171 stultis
866 3129 951 3171 antem
963 3122 1088 3185 aegritudo
1100 3127 1140 3172 est
1153 3135 1182 3171 ea
1194 3135 1243 3185 qua
1255 3120 1378 3170 adliciun-

307 3220 360 3271 tur.
372 3219 422 3262 etc.
438 3233 448 3254 ·
466 3213 491 3262 Si
503 3213 606 3274 sapiens
618 3224 684 3261 unus
696 3218 751 3271 est,
768 3211 841 3261 stulti
855 3211 927 3260 multi
939 3218 1011 3273 suut,
1033 3211 1095 3260 nihil
1108 3223 1174 3274 opus
1194 3222 1298 3261 servare
1309 3210 1377 3274 sing.

306 3309 336 3351 ut
349 3302 401 3350 uult
414 3301 519 3363 Bakirts,
534 3314 612 3364 quum
624 3306 745 3363 sequatur
758 3298 872 3363 pluralis.
890 3300 985 3350 Mutari
998 3300 1068 3363 prius
1082 3304 1164 3349 cutem
1176 3299 1202 3348 iu
1215 3299 1300 3348 etium.
1361 3357 1364 3364 ¹

339 3391 391 3441 ΙΙΙΙ.
406 3390 541 3440 Geminam
553 3390 759 3441 enunciationem
771 3391 887 3453 reperire
899 3390 963 3439 milti
971 3390 1060 3440 uideor
1071 3390 1097 3438 iu
1110 3401 1139 3439 ea
1152 3388 1296 3439 sententiat
1316 3388 1379 3437 «Li-

307 3479 379 3538 bido,
392 3479 478 3542 opinio
487 3478 587 3528 uenturi
595 3478 666 3539 boni,
679 3478 747 3541 quod
756 3478 791 3527 sit
802 3491 834 3528 ex
848 3491 895 3527 usn
908 3479 958 3527 iam
971 3490 1084 3540 praesens
1096 3490 1154 3527 esse
1166 3485 1242 3540 atque
1254 3476 1346 3526 adesse
1356 3490 1379 3534 »ς

307 3568 372 3617 satis
383 3573 438 3617 erat
448 3566 545 3616 dixisse
561 3579 623 3614 seu:
642 3566 734 3629 «quod
750 3566 784 3615 sit
795 3580 827 3615 ex
841 3578 889 3615 usu
903 3585 931 3628 ι,
948 3578 995 3615 sen
1014 3565 1105 3629 «quod
1125 3565 1175 3614 iam
1192 3576 1305 3627 praeseus
1321 3576 1379 3613 esse

307 3662 384 3719 atque
403 3656 496 3704 adesse
515 3654 632 3703 rideatur
646 3674 667 3702 ι.
696 3653 809 3704 Priorem
828 3653 938 3704 tortasse
957 3654 1054 3703 Tullius
1077 3653 1188 3717 praetulit
1210 3659 1239 3703 ut
1261 3658 1379 3716 quartum

311 3756 394 3793 «esse
407 3743 547 3793 videatur»
566 3742 667 3791 ritaret.
684 3741 738 3791 Nou
752 3741 826 3791 video
844 3742 972 3804 quomodo
991 3741 1059 3791 iuter
1075 3754 1103 3791 se
1117 3747 1255 3790 nectuntur
1271 3739 1380 3802 vulgatae

311 3831 430 3881 lectionis
445 3837 539 3894 partes.
552 3858 583 3867 -
595 3830 607 3892 5
619 3830 659 3879 16.
675 3828 758 3879 Verba
776 3829 888 3878 «laetans
905 3829 972 3879 malo
988 3829 1071 3880 alieno
1085 3848 1098 3874 u
1116 3829 1231 3879 Bentleio
1249 3832 1379 3890 suspecta,

310 3926 416 3970 auctore
427 3919 558 3981 Tregdero
570 3918 685 3968 editores
696 3917 799 3967 demum
811 3917 983 3967 secluserunt.

341 4007 410 4069 ΙΙΙΙΙ,
423 4006 437 4071 5
452 4006 489 4056 ta.
508 4006 642 4056 Excidisse
654 4005 755 4067 opinor,
769 4011 827 4067 post
839 4004 916 4054 verba
936 4025 946 4048 ι
960 4004 1143 4067 consequentis
1154 4002 1250 4053 laboris
1263 4016 1291 4049 n:
1312 4023 1322 4046 ι
1336 4018 1381 4066 pu·

310 4098 399 4146 dorem
425 4101 521 4144 metum
549 4094 710 4144 dedecoris»
733 4105 789 4156 quae
812 4092 900 4143 ultima
921 4106 969 4143 vox
993 4091 1126 4142 omissioui
1146 4103 1234 4140 ausam
1254 4090 1326 4141 dedit
1346 4091 1380 4142 ob

309 4185 543 4244 homoeoteleutom
567 4184 630 4233 nttut
656 4195 721 4245 opus
746 4196 861 4245 qrraercre
885 4181 1046 4244 participium
1066 4179 1186 4244 sequenti
1201 4180 1380 4229 corrcciicntem

310 4275 416 4337 aequate,
431 4283 457 4323 ut
474 4274 574 4323 volebat
586 4274 770 4335 Wesenberg„
788 4272 907 4335 quioniam
920 4283 996 4334 supro
1008 4269 1121 4333 genitivo
1133 4281 1195 4319 usus
1207 4275 1247 4319 est
1258 4268 1363 4318 Tullius.
