3325 5159
313 589 347 642 56
504 588 543 643 lte
559 599 672 643 rrurnus
686 598 823 642 uouonon
840 588 870 656 v,
886 598 1071 655 xxvi-xxvur,
1088 586 1182 643 tuot.

312 728 424 774 auctoris
440 724 554 785 videtum
573 724 680 775 tortasse
699 725 838 787 scripserat
858 738 897 771 «o
915 723 1004 774 Grecis
1022 724 1229 786 sarmentum„
1247 736 1294 773 seu
1313 740 1327 766 «
1339 736 1369 771 ea

314 816 355 867 Gr.
368 815 539 878 supplendam.
554 834 565 856 n

343 903 427 965 xxvi,
440 904 451 965 ι
462 904 502 951 ιι.
522 902 598 952 narro
616 902 659 964 (oe
675 882 777 952 emeno.
789 902 842 951 cn.
854 901 974 961 oratore,
988 915 1013 964 p.
1026 901 1066 964 rot
1085 901 1199 964 spurium
1212 902 1313 951 uuum
1323 916 1369 966 ρι-

310 992 383 1052 rarit,
402 999 461 1042 ante
478 992 575 1041 rerba:
595 1005 711 1041 «vercor
731 1004 762 1041 ne
778 1003 837 1040 tera
855 990 907 1040 sint
919 1005 948 1050 »ς
969 991 1031 1041 mibi
1045 1003 1106 1041 vero
1126 998 1206 1041 totum
1226 991 1368 1041 membrum

310 1089 456 1144 suspectum
468 1081 584 1131 videtur:
599 1101 610 1124 ι
623 1093 680 1131 cum
693 1080 786 1144 quibus
796 1080 918 1144 coniungi
929 1081 1005 1130 viram
1013 1081 1113 1130 beatam
1125 1080 1194 1130 nullo
1205 1082 1283 1131 ruodo
1296 1093 1369 1144 posse

310 1171 407 1234 putavit
420 1184 449 1230 o;
467 1170 561 1219 etenim
578 1182 610 1220 ex
627 1170 658 1219 iis
674 1183 730 1233 quae
748 1182 824 1232 surpra
842 1177 868 1220 et
887 1169 950 1219 inira
962 1171 1081 1233 leguntur
1098 1169 1172 1219 lacile
1185 1170 1327 1233 suppletur.
1339 1196 1368 1207 -

309 1259 374 1322 §7⁸-
387 1260 451 1309 Vere
463 1265 551 1308 contra
563 1258 665 1309 codices
677 1259 766 1322 legunt
776 1258 929 1323 querebam,
943 1273 989 1322 pro
1001 1273 1124 1323 parerem,
1141 1267 1200 1310 autc
1212 1260 1365 1323 respondere,

310 1348 418 1411 Madvig.
431 1356 457 1397 et
468 1346 647 1410 Wesenberg„
660 1360 724 1411 qnos
735 1354 841 1397 secutus
851 1354 893 1397 est
905 1347 1026 1397 Baiterus.

341 1435 439 1496 xxvii,
452 1436 464 1499 ξ
475 1435 515 1485 79.
532 1436 653 1486 riddeuda
665 1436 728 1485 mibi
739 1435 840 1486 ridetur
851 1436 906 1487 sive
917 1436 1062 1499 conjunctio
1075 1440 1098 1485 et
1117 1442 1174 1499 post
1189 1437 1295 1494 dicatur,
1315 1437 1367 1487 sive

308 1538 359 1574 aon
370 1532 429 1575 ante
441 1525 574 1575 dissentiat.
587 1553 618 1561 -
636 1525 662 1575 Si
673 1525 767 1576 rerba:
789 1546 799 1568 ι
812 1525 908 1589 quare?
919 1525 1001 1589 inquit
1015 1546 1025 1567 ν
1047 1525 1191 1575 tribuantur
1202 1526 1252 1589 ipsi
1262 1526 1367 1585 Zenoni,

307 1614 443 1665 delendum
456 1622 496 1665 est
506 1615 647 1679 respondet·
659 1615 697 1666 sic
708 1623 816 1679 augetur
827 1614 864 1665 vis
876 1623 903 1666 et
914 1624 998 1667 motus
1010 1616 1140 1666 orationis.
1151 1644 1180 1652 -
1191 1615 1253 1679 §Bb
1266 1616 1367 1667 Plauior

306 1704 383 1754 etiam
395 1711 422 1754 et
433 1704 574 1767 elegantior
585 1705 706 1755 eraderet
717 1705 808 1765 oratio,
820 1705 843 1755 si
855 1704 1008 1755 transferres
1023 1705 1148 1755 incisum:
1165 1722 1178 1749 ι
1191 1717 1294 1767 semper
1305 1704 1368 1755 bea-

307 1802 359 1844 tum
371 1806 429 1844 esse
441 1794 582 1856 sapientem
597 1814 607 1836 »
627 1800 686 1844 ante
700 1794 777 1844 verba
798 1806 898 1856 «quem
910 1794 1014 1857 quidem
1028 1814 1049 1841 ι.
1062 1821 1093 1830 -
1107 1793 1265 1843 Dissentiunt
1283 1793 1367 1843 critici

305 1884 338 1933 de
354 1895 430 1932 sensu
442 1882 518 1945 buius
528 1883 680 1932 sententie:
700 1903 710 1925 «
724 1895 770 1932 eur
783 1889 879 1931 tantum
893 1881 986 1931 babeat
998 1882 1023 1931 in
1035 1888 1123 1932 natura
1135 1881 1196 1931 boul
1211 1896 1238 1942 »3
1258 1881 1301 1932 alil
1318 1882 1367 1931 alia

305 1970 453 2033 conjiciunt,
464 1970 653 2034 necquicquam
667 1968 806 2030 satisfaciu
818 1970 881 2018 mibi
893 1969 996 2033 quidem
1008 1970 1144 2020 admodum
1156 1981 1312 2032 supervacua
1322 1981 1367 2019 seu

304 2059 386 2109 aliena
399 2059 510 2117 uidetur,
523 2058 556 2108 ob
569 2071 598 2108 ea
615 2070 672 2122 quae
683 2058 754 2120 prins
764 2058 895 2123 leguntur,
915 2059 982 2108 unde
995 2057 1068 2108 iacile
1080 2071 1171 2109 cernes
1182 2068 1260 2121 quare
1271 2058 1367 2121 Tullius

305 2162 355 2197 non
368 2154 465 2211 pugnet
476 2161 534 2197 cnm
546 2147 664 2208 bomiue3
683 2159 712 2197 ea
725 2146 833 2208 omissa,
853 2148 945 2197 melius
956 2155 1118 2210 opponuntur
1130 2146 1208 2196 verba
1222 2160 1331 2210 pnpnem
1341 2155 1367 2196 et

304 2250 413 2298 arpenno.
429 2237 545 2285 Fortasse
558 2235 680 2297 seriptum
694 2234 741 2285 luit
761 2236 785 2283 iu
799 2235 929 2298 margine,
949 2235 1016 2299 quod
1030 2235 1281 2284 volebatGraserns:
1297 2254 1307 2276 «
1322 2247 1366 2284 cnr

304 2332 401 2375 tantum
414 2326 506 2375 habeat
522 2325 547 2373 in
560 2330 632 2373 tauro
644 2324 724 2375 boui?
739 2344 749 2366 »
770 2325 842 2388 qnasi
854 2325 981 2375 enarratio
994 2325 1146 2375 verborum:
1167 2344 1177 2367 «
1193 2338 1242 2374 non
1255 2338 1365 2388 pugnem
1430 2361 1432 2367 .

303 2426 360 2463 cum
374 2413 475 2463 bomine
490 2435 511 2462 ι.
529 2412 601 2463 (loni.
616 2414 692 2462 Tuso.
706 2413 735 2474 ll,
748 2413 760 2475 ᾗ
773 2414 812 2473 17,
826 2414 865 2462 lB.
878 2414 988 2463 -Bene
1005 2413 1124 2463 omittunt
1141 2413 1238 2477 pridem
1254 2412 1363 2477 Madvig.

303 2509 330 2552 et
342 2502 433 2551 Baiter.
447 2503 514 2551 iuter
525 2515 580 2565 quc
591 2508 617 2551 et
629 2501 727 2556 dionan-
740 2515 789 2564 ego
802 2515 863 2551 vero
875 2502 957 2565 legam
969 2501 1091 2564 deinceps
1104 2516 1111 2548 t
1125 2522 1135 2544 «
1150 2501 1193 2565 qui
1202 2514 1234 2551 ne
1247 2513 1364 2564 nmquam

301 2590 398 2653 quidem
406 2589 585 2652 philosophum
595 2590 699 2651 pictum,
713 2596 739 2639 ui
751 2590 854 2646 dicitnr,
869 2590 986 2640 viderunt
994 2608 1016 2638 ν.
1027 2593 1173 2640 —Anclore
1185 2588 1308 2639 Lambiuo
1319 2589 1362 2650 ad-

301 2679 365 2729 didit
377 2678 469 2728 Baiter.
482 2678 546 2727 lona
566 2685 623 2741 post
641 2692 696 2728 roc.
714 2679 842 2737 omnium,
862 2678 986 2741 probante
1005 2679 1149 2743 Madvigio;
1167 2679 1261 2729 etenim
1272 2679 1364 2729 abesse

299 2767 1122 2832 neqnit‚quoniamlegiturdeiucepsmoln.—§8l.Voc.corporr'r‚
1130 2769 1196 2818 unde
1205 2776 1274 2818 tanta
1281 2768 1364 2819 oritur

297 2856 413 2906 conlusio
424 2857 490 2919 apud
502 2857 666 2919 interpretes,
685 2857 742 2920 quia
755 2857 890 2907 sententiae
902 2857 1109 2919 perspicuitatem
1124 2858 1221 2916 turbat,
1239 2857 1316 2914 mibi,
1336 2864 1364 2907 ut

295 2946 347 3007 jam
361 2944 470 3005 Bremio‚
483 2946 594 2995 alienum
606 2946 722 3006 videturr
739 2946 839 2996 cuidam
852 2946 994 2997 scholiastae
1007 2947 1094 3009 procul
1107 2947 1185 2997 dubio
1199 2947 1309 2997 debetur
1321 2948 1364 3011 qul

299 3047 350 3084 non
361 3034 426 3084 vidit
437 3034 479 3085 bio
490 3035 532 3099 agi
550 3036 582 3085 de
595 3035 671 3086 tertio
682 3035 808 3085 bonorum
826 3048 931 3099 genere.
946 3063 975 3072 -—
995 3035 1116 3097 Suspicor
1133 3035 1241 3084 Tullium
1261 3035 1317 3093 hic,
1336 3043 1364 3087 ut

300 3122 366 3187 ιξ78,
378 3124 512 3186 scripsisse
526 3140 532 3172 :
552 3144 562 3166 ι
576 3132 664 3175 contra
677 3125 731 3174 baee
743 3125 867 3174 attende:
886 3125 908 3174 si
919 3124 966 3174 isla
981 3125 1044 3173 mala
1057 3131 1116 3174 sunt
1130 3144 1150 3182 n,
1168 3131 1194 3173 et
1206 3124 1283 3174 rerba
1300 3144 1313 3169 ι
1323 3138 1364 3177 me

298 3213 360 3261 nibil
372 3213 458 3263 dicere
473 3233 484 3257 a
502 3213 586 3263 addita
600 3213 680 3263 tuisse
698 3214 834 3277 aquodam
846 3220 994 3263 enarratore
1013 3226 1063 3262 rron
1080 3213 1234 3277 intelligenti
1252 3214 1320 3277 qnod
1336 3214 1363 3263 in

300 3311 385 3353 mente
402 3303 510 3353 hahebat
528 3310 630 3362 nostem
649 3302 743 3366 quibus
754 3302 856 3353 omissis
869 3302 929 3352 nihil
945 3315 1009 3365 opus
1021 3303 1125 3364 addere,
1138 3310 1167 3353 ut
1179 3303 1279 3353 volebat
1291 3304 1365 3354 liad-

298 3394 400 3457 rlgins:
421 3392 508 3442 «illud
524 3392 610 3443 (licere
624 3410 646 3441 a.
664 3391 797 3441 Libentius
815 3392 905 3442 saltem
926 3406 957 3442 ex
974 3392 1075 3455 vulgata
1096 3392 1210 3442 oratione
1228 3392 1304 3442 verba
1323 3394 1363 3443 vel

297 3493 454 3545 supervacua
478 3480 517 3532 vel
540 3481 647 3532 obscura
671 3479 785 3530 omittam
808 3493 883 3544 qnam
906 3481 997 3531 addam
1028 3480 1136 3531 incerta.
1158 3508 1188 3517 -
1214 3481 1362 3544 Legeudum

300 3572 410 3635 opinor:
434 3574 490 3619 «ut
515 3583 590 3629 nemo
609 3570 715 3619 nimium
741 3571 830 3619 beatus
853 3576 909 3628 est,
935 3571 971 3619 itu
988 3583 1063 3620 nemo
1080 3570 1156 3619 beato
1176 3569 1276 3621 beatior
1289 3589 1312 3617 o.
1332 3598 1363 3607 -

298 3659 361 3723 5⁸⁹3·
380 3658 465 3709 roem
484 3659 546 3708 mibi
559 3659 660 3709 ridetur
672 3658 802 3708 abundare
814 3665 872 3721 post
886 3678 895 3701 «
910 3659 1011 3708 utitem
1024 3659 1126 3721 sapiens
1140 3678 1163 3704 ».

330 3748 440 3810 xxviii,
460 3748 472 3810 ξ
490 3748 530 3797 83.
547 3747 666 3797 Monente
679 3745 815 3810 Madvigio‚
835 3746 926 3796 Baiter.
941 3746 1022 3797 edidit
1033 3746 1187 3804 ordiendum,
1201 3759 1246 3809 pro
1259 3747 1362 3796 uaden-

298 3837 366 3890 dum.
379 3843 466 3887 contra
479 3836 592 3886 codices.
605 3866 634 3873 -
646 3835 765 3886 Nonnulli
778 3836 881 3886 codices
900 3834 996 3885 babent
1011 3836 1129 3899 inquom,
1149 3837 1217 3885 inter
1231 3849 1279 3885 non
1295 3836 1361 3885 enim

298 3933 325 3976 et
337 3939 428 3990 querc,
441 3925 484 3976 alli
496 3926 629 3988 cuiquam:
642 3924 749 3975 fortasse
763 3924 841 3987 igitur
848 3924 985 3987 legendum
996 3939 1002 3971 :
1018 3945 1028 3967 «
1045 3937 1096 3974 uon
1108 3924 1175 3973 enim
1185 3926 1237 3973 inm
1249 3939 1336 3989 quaero
1349 3946 1358 3966 n

299 4013 360 4064 eod.
377 4014 395 4062 B
411 4014 454 4063 dat
474 4027 550 4063 «non
567 4014 632 4063 enim
650 4026 778 4076 quaero»,
798 4025 874 4076 quem
889 4019 992 4063 secutus
1011 4019 1051 4062 cst
1070 4013 1161 4063 Baiter.
1175 4040 1204 4048 ——
1223 4013 1361 4063 Lambinus

299 4104 397 4154 viderat
416 4103 552 4167 legendum
569 4115 627 4153 esse
653 4107 704 4150 «ot
716 4102 740 4151 ln
753 4102 893 4165 geometria
908 4122 936 4158 a,
956 4102 1023 4165 quod
1036 4101 1195 4151 confirmavit
1214 4087 1277 4151 cod.¹
1289 4102 1316 4149 B.
1332 4127 1357 4139 ·-

299 4191 407 4241 incisum
429 4191 510 4240 «ride
530 4202 619 4241 rursus
637 4197 731 4241 retro»
755 4190 857 4241 ridetur
879 4190 1083 4240 transferendum
1104 4196 1162 4253 post
1182 4190 1284 4240 «vestri
1309 4203 1362 4239 nou

299 4281 360 4331 item
371 4301 392 4340 »,
404 4293 437 4330 ne
449 4279 647 4342 interrumpatur
657 4286 864 4343 argumentorum
878 4278 968 4328 series.
980 4304 1011 4313 ·-
1023 4279 1035 4340 ᾗ
1047 4279 1086 4327 84.
1108 4298 1119 4322 ι
1133 4278 1189 4328 Tria
1204 4290 1297 4340 genera
1312 4278 1359 4328 bo-

300 4382 389 4419 nomm
404 4391 428 4426 ι,
441 4368 539 4419 scilicet
551 4368 617 4417 bona
629 4368 715 4430 animi,
728 4369 795 4418 bona
807 4368 931 4429 corporis,
944 4367 1009 4416 bona
1022 4374 1137 4417 externa.
1150 4365 1220 4415 coni.
1232 4368 1306 4416 Tarso.
1318 4367 1357 4427 lv,
