3325 5159
300 560 334 618 78
407 557 927 629 Tuscutnnnnunorsrurnrtonunll,
942 558 1259 628 suurn-mutabat.

299 700 340 743 est
352 700 377 743 et
388 704 574 755 superuacuum
587 691 623 752 tlt.
636 718 667 729 ·-
678 691 773 755 begam
792 705 850 741 enm
862 691 986 743 lambino
1002 700 1029 743 st
1048 693 1145 744 Balio:
1165 715 1176 736 a
1189 695 1274 758 pruris
1294 708 1363 754 erro·

298 781 371 831 ribus
384 800 410 842 ι,
429 794 475 843 pro
489 780 628 844 prauitatis.
641 807 671 816 -
683 779 830 831 Mutandum
844 780 936 842 opinor
948 780 1054 831 uerbum
1069 780 1173 842 termut
1192 782 1218 832 iu
1237 782 1364 841 iesconi,

296 868 393 920 etenim
404 869 495 920 molare
506 876 534 920 et
545 869 633 920 ledere
644 870 740 919 Tullius
748 870 859 933 jungere
870 869 953 931 solet,
971 877 997 920 et
1008 871 1032 921 si
1047 882 1135 922 serres
1150 869 1275 934 recolat,
1291 886 1363 935 pron.

296 972 402 1023 quorum
418 971 524 1008 sensum
546 958 662 1008 latiorem
685 970 760 1021 quam
784 959 895 1020 postulat
916 972 989 1010 mens
1012 960 1145 1023 scriptoris
1168 960 1310 1011 obtinebit.
1334 988 1364 998 -—
1409 1019 1413 1026 ¹

297 1044 360 1109 §ld
377 1046 509 1116 aptiorem
528 1045 610 1095 locum
622 1044 728 1096 babebit
738 1046 883 1096 sententia:
903 1046 1021 1098 ·0mltto
1039 1059 1095 1111 que
1108 1046 1240 1111 perferant
1257 1060 1363 1113 quaeque

300 1128 426 1195 patiantur
443 1132 573 1183 ambitiosi
591 1133 697 1183 honoris
714 1145 804 1195 causa,
831 1132 913 1185 laudis
933 1135 1043 1186 studiosi
1061 1135 1150 1199 glorie
1167 1136 1264 1199 gratia,
1281 1148 1368 1188 amore

229 1244 231 1250 ·
300 1234 398 1271 incensu
391 1220 575 1285 cupiditatis
593 1221 666 1283 plena
679 1222 729 1271 urta
741 1222 916 1285 exemplorum
929 1229 979 1285 est
993 1242 1006 1268 u
1022 1223 1114 1274 sream
1125 1230 1184 1276 ante
1197 1224 1296 1275 verba
1314 1224 1369 1276 «de

300 1309 447 1360 bominibus
458 1309 591 1373 loquor
610 1309 756 1361 transieras

332 1397 441 1456 lllllllll,
458 1398 528 1461 §80
556 1397 721 1462 Negationem
743 1411 802 1457 uec,
824 1406 883 1449 ante
904 1399 1041 1458 iustitium,
1065 1357 1189 1451 ciceroni
1198 1400 1369 1451 tribuendam

299 1499 359 1536 esse
377 1499 428 1536 nou
445 1485 575 1545 arbitror3
590 1486 627 1536 slc
641 1486 721 1548 posita
740 1487 865 1537 auditoris
876 1495 988 1537 mentem
1007 1501 1058 1538 uon
1077 1488 1140 1538 satis
1159 1496 1264 1547 moneta
1280 1502 1310 1540 ea
1322 1490 1369 1540 de·

302 1575 361 1633 leta,
379 1575 553 1640 interrogandi
564 1576 665 1639 siguum
678 1584 735 1640 post
746 1588 802 1626 roc.
814 1576 920 1625 carceris
933 1589 1038 1640 ponam,
1056 1585 1083 1627 et
1094 1577 1186 1641 siquis
1198 1577 1273 1639 velit,
1292 1578 1370 1629 etiam

302 1670 359 1725 post
377 1665 502 1714 onustat.

333 1751 412 1810 llllll,
430 1752 493 1815 585.
511 1751 582 1802 llaud
600 1752 719 1816 displicet
735 1752 840 1803 Victorii
859 1752 1007 1802 correctio:
1026 1759 1078 1802 «et
1096 1752 1287 1815 Peripateticis,
1304 1765 1370 1816 qno·

303 1854 358 1891 rum
383 1840 487 1903 quidem
509 1840 635 1902 explicata
661 1853 736 1891 eausa
760 1848 842 1890 est».
876 1840 917 1890 Sic
937 1839 1031 1901 justior
1055 1839 1197 1892 orontio.
1220 1866 1251 1878 -—
1275 1840 1371 1903 Opinon

302 1929 460 1992 legendum:
481 1927 611 1992 «reliquis
629 1930 695 1978 idem
713 1928 797 1979 iacere
812 1929 871 1979 licet
883 1930 949 1993 quod
969 1929 1023 1980 iere
1039 1928 1135 1980 iaciunt
1149 1943 1176 1987 »;
1197 1929 1294 1980 etenim
1306 1942 1370 1992 quo·

302 2019 369 2067 niam
400 2016 512 2080 loquitur
534 2016 631 2067 Tullius
655 2017 688 2067 de
710 2018 855 2080 eloquentia
879 2030 928 2081 qua
952 2018 1053 2068 virtutis
1080 2018 1194 2081 gravitas
1222 2016 1370 2074 extollitur,

301 2104 422 2169 intelligit
440 2104 584 2155 Platonicos
609 2113 636 2156 et
654 2105 846 2168 Peripateticos.
869 2133 899 2143 —
927 2107 1040 2171 Denique
1058 2106 1162 2169 legam:
1186 2125 1199 2150 ι
1212 2105 1265 2158 Non
1288 2110 1371 2156 autem

303 2194 364 2244 licet
376 2195 417 2251 iis,
429 2200 480 2244 etc.
494 2212 508 2240 ι
524 2194 592 2258 quia,
612 2208 690 2258 quum
709 2207 785 2258 supra
804 2195 900 2246 dixerit
916 2194 995 2246 licere
1008 2195 1109 2246 uirtutis
1126 2194 1278 2260 grauitatem
1290 2207 1372 2257 exag-

301 2294 408 2345 gerare,
432 2283 539 2331 istorum
565 2282 774 2345 pbilosophorum
799 2284 994 2334 inconstantiam
1019 2282 1179 2334 adversativa
1202 2296 1252 2336 nou
1275 2281 1371 2334 causali

302 2370 482 2433 conjrmctione
493 2370 638 2433 exprimere
650 2371 757 2431 debuit,
775 2384 823 2422 uon
837 2378 985 2422 constanter
995 2379 1080 2422 antem
1092 2372 1207 2421 sentiunt
1222 2371 1241 2421 ii
1257 2370 1301 2434 qui
1316 2370 1372 2433 pto-

302 2460 366 2509 riam
377 2460 545 2523 expetendam
560 2473 619 2510 esse
635 2461 788 2524 protiteutur
805 2468 832 2511 et
850 2468 944 2524 negant
963 2460 1053 2511 beatos
1066 2472 1124 2510 esse
1143 2460 1186 2523 qui
1199 2459 1267 2509 illam
1282 2459 1371 2523 adepti

303 2548 371 2606 siut;
390 2548 458 2611 qnod
473 2548 562 2597 uitium
574 2548 761 2598 enunciatloois
772 2548 933 2598 manifestius
943 2556 1049 2611 apparet
1059 2560 1137 2612 quum
1150 2547 1264 2610 legitur:
1284 2567 1295 2590 ι
1310 2546 1374 2598 reli·

304 2635 363 2698 quis
374 2636 472 2699 quidem
484 2636 554 2694 licet,
572 2642 622 2686 etc.
637 2655 647 2678 ι

335 2723 426 2786 lllllll,
444 2724 507 2785 587.
526 2724 653 2786 lusignem
667 2723 773 2773 Bentleii
784 2723 993 2773 correctionem:
1013 2745 1023 2767 ι
1037 2723 1112 2773 minis
1128 2728 1171 2774 ant
1189 2723 1373 2774 blandimentis

305 2819 458 2873 corrupta»,
472 2825 517 2874 pro
528 2812 605 2863 codd.
617 2812 676 2862 lect.
690 2829 703 2856 r
711 2812 824 2861 minimis
836 2812 872 2861 bl.
884 2826 952 2863 corr.
962 2829 985 2870 a,
998 2812 1079 2864 edidit
1088 2812 1267 2862 Baiterussine
1276 2813 1374 2864 lacunae

304 2900 393 2962 siguo;
412 2900 461 2949 etsi
471 2900 547 2949 minis
558 2900 684 2963 corrurupl
695 2913 745 2950 nou
758 2901 867 2950 dicatur.
885 2900 1004 2951 Fortasse
1016 2900 1113 2950 'lnllius
1122 2900 1262 2962 scripserat
1274 2919 1285 2942 ι
1295 2900 1374 2950 minis

304 2989 368 3038 uicto
385 2996 428 3038 aut
447 2988 482 3038 bl.
501 3002 594 3039 corr.»
616 2988 726 3052 Zeugma
745 2994 829 3037 tamen
849 2988 922 3039 iaclle
939 2987 1039 3038 admitti
1058 2995 1151 3050 potest.
1170 3014 1201 3025 -
1221 2988 1372 3051 Legendum

305 3075 369 3126 vidit
387 3076 577 3140 Wesenberg.:
603 3076 703 3140 ulonge
721 3082 831 3138 retro»,
855 3076 949 3126 omissa
969 3083 1033 3138 part.
1051 3081 1084 3125 ct.
1102 3102 1133 3112 -
1150 3076 1259 3127 Codices
1277 3075 1374 3127 babent

306 3181 318 3207 o
332 3163 402 3213 illum
422 3165 595 3216 Carneadeum
609 3185 639 3227 1»,
662 3166 729 3216 unde
748 3164 882 3227 legebatur
900 3164 926 3213 in
946 3163 1037 3214 libris:
1057 3184 1067 3207 ι
1081 3163 1152 3214 illum
1170 3163 1328 3214 Carneadem
1342 3184 1392 3234 »,v,

307 3252 399 3302 Balins
411 3253 508 3303 monuit
521 3252 673 3316 legendum:
685 3252 947 3304 «illudCarneadeum
956 3273 977 3301 a.
986 3279 1016 3288 -
1025 3251 1039 3316 5
1047 3252 1086 3303 88.
1099 3252 1223 3314 balterus,
1233 3259 1373 3314 praeeunte.

305 3340 436 3398 Pisonem,
448 3341 506 3391 cod.
515 3340 624 3391 Vindob.
636 3348 762 3404 sequutus
773 3348 813 3391 est
825 3342 869 3404 qul
883 3341 976 3392 habet:
994 3362 1005 3383 υ
1021 3346 1064 3390 ont
1074 3341 1189 3391 dolorem
1204 3360 1231 3400 r,
1249 3354 1296 3403 pro
1315 3354 1373 3390 «ort

305 3429 421 3480 dolorem
435 3448 457 3477 ι.
483 3428 652 3492 liisjuuctloui
676 3429 716 3479 bic
735 3430 807 3480 locus
825 3443 876 3479 nou
902 3436 942 3480 est
958 3443 965 3488 ;
989 3429 1118 3493 interpres
1136 3429 1243 3493 gallicus
1262 3428 1374 3480 Bouhier

306 3519 374 3569 beue
386 3517 463 3567 uertit
475 3532 481 3564 :
500 3535 512 3561 α
526 3517 549 3566 la
562 3525 628 3567 mort
640 3522 663 3567 et
675 3518 698 3568 la
710 3518 818 3568 douleur
834 3536 856 3566 ».
1208 3579 1209 3584 Ἰ

339 3604 453 3662 lllllllll‚
471 3604 485 3669 5
502 3605 542 3655 st.
570 3606 683 3657 Geminae
702 3605 884 3656 elaborationis
902 3605 1048 3668 exemplum
1071 3604 1113 3655 hic
1130 3605 1222 3656 adesse
1245 3606 1373 3667 suspicor,

304 3695 426 3759 quoniam
437 3693 584 3757 discrepant
593 3694 740 3756 sententiae,
758 3701 785 3745 et
796 3694 905 3744 Tullium
919 3694 986 3745 inter
997 3693 1146 3743 alterutram
1158 3692 1297 3744 clausulam
1317 3692 1373 3743 hae·

307 3783 390 3846 sisse,
408 3783 442 3834 ita
462 3790 502 3845 ut,
524 3783 547 3833 si
563 3783 652 3846 legas:
679 3796 811 3847 «quarum
834 3796 928 3846 genera
952 3795 1002 3833 non
1025 3789 1235 3844 contemnunt»,
1253 3782 1372 3832 omittere

306 3880 443 3934 oporteat:
462 3885 594 3935 «quarum
612 3880 727 3936 quaerunt
747 3881 831 3923 umen
846 3872 944 3935 eopianr
960 3891 988 3933 u,
1006 3878 1033 3922 et
1044 3878 1141 3921 contra.
1160 3871 1249 3933 Operm
1262 3870 1373 3933 pretinm

307 3966 349 4010 est
360 3960 447 4025 legere
464 3961 608 4023 preclaram
621 3961 749 4012 liueboeri
767 3967 851 4011 notam
870 3961 936 4023 apud
958 3960 1093 4011 Baiterum.
1106 3986 1135 3995 -
1149 3960 1247 4010 Abesse
1266 3965 1374 4022 possunt

291 4100 293 4103 .
309 4048 406 4099 rerba:
423 4068 436 4093 «
449 4050 482 4100 de
499 4050 591 4112 quibus
610 4050 687 4100 multa
706 4049 738 4098 ab
750 4048 801 4099 illis
812 4048 922 4099 babetur
933 4049 1016 4099 oratio
1033 4069 1059 4109 a,
1077 4049 1196 4112 quonlam
1209 4047 1283 4110 panto
1294 4058 1372 4111 supra

309 4137 423 4200 legitur:
440 4156 453 4183 u
467 4138 544 4188 multa
562 4138 595 4189 ab
614 4138 748 4200 Epicureis
765 4138 926 4201 disputantur
941 4157 962 4185 n.
975 4164 1002 4173 -
1021 4136 1171 4187 Verisimills
1190 4136 1252 4186 milri
1273 4137 1374 4188 ridetur

305 4228 433 4278 correctio
441 4240 500 4297 quae
512 4228 594 4278 arnico
605 4227 688 4277 Ursini
701 4227 829 4285 tribuitur,
847 4226 959 4289 legenti:
979 4245 990 4270 u
1005 4227 1127 4288 prodesse
1140 4238 1328 4289 nonnumquam
1343 4247 1352 4268 ι
1365 4262 1372 4284 ,

307 4330 355 4379 pro
367 4317 427 4367 lect.
441 4316 509 4377 vulg.
521 4329 673 4379 numquam,
688 4328 744 4379 quae
760 4328 818 4366 cum
831 4315 862 4365 iis
874 4327 930 4378 quae
942 4314 1012 4376 prins
1024 4314 1144 4377 leguntur
1156 4321 1226 4364 certe
1245 4327 1296 4364 uon
1308 4326 1373 4367 con-
