3325 5159
589 578 631 635 lin
646 588 769 635 orrrcns
783 577 957 646 l,xu111-ux,
972 578 1071 636 55-69.
1305 564 1361 637 ‘tet

301 728 347 777 qua
358 716 441 768 series
452 713 577 794 orationis·
587 726 721 776 perperam
733 712 868 775 rumpitur.
876 740 906 749 -
919 712 933 777 5
944 713 984 763 55.
999 712 1070 776 conj.
1084 716 1165 763 tomen
1174 712 1265 764 merito
1273 713 1365 764 delen-

301 806 356 854 dam
368 817 427 858 esse
445 810 535 853 censat
553 802 646 865 Unger.
668 809 728 852 ante
748 819 762 847 «
775 814 822 851 nos
842 807 929 852 mouet
942 816 970 863 »3
990 802 1105 853 Baiterus
1123 802 1191 851 illam
1208 802 1321 853 seclusit.
1335 830 1363 852 -.-

300 895 364 957 §bd
377 894 479 946 blinirne
490 892 632 956 spernenda
645 892 706 942 milti
719 891 819 941 videtur
831 892 908 943 lectio
918 905 993 956 quam
1005 892 1115 944 seruauit
1134 893 1237 948 Nonius,
1257 907 1281 955 p.
1301 893 1346 943 117
1357 909 1362 940 :

300 1002 311 1027 ι
324 983 480 1047 efficiturque
493 983 517 1034 id
530 982 599 1045 quod
612 981 765 1045 Pythagoras
778 980 894 1032 ultimum
906 982 931 1030 in
943 982 1054 1032 amicitia
1063 981 1168 1046 putauit,
1182 988 1208 1038 ut
1220 995 1285 1032 unus
1299 982 1363 1032 liate

299 1073 427 1135 pluribust
438 1092 449 1115 »
462 1086 508 1134 pro
520 1070 587 1134 vulg.
602 1092 613 1114 ι
622 1084 648 1135 q.
663 1071 688 1121 P.
698 1071 841 1120 cattinum.
852 1076 888 1129 ut,
898 1077 947 1122 etc.
959 1090 1014 1115 ».-
1022 1071 1061 1120 58.
1071 1070 1270 1121 Nousinecausa
1279 1071 1361 1133 suspi-

298 1170 368 1213 ratur
384 1162 539 1212 Facciolatus
553 1161 617 1212 banc
631 1160 797 1215 sententiam:
812 1178 825 1205 α
839 1166 928 1224 estque
936 1173 966 1210 ea
975 1141 1155 1228 iucundissima
1161 1160 1362 1223 amicitia,quam

298 1252 436 1303 similitudo
447 1264 546 1308 morum
557 1250 701 1314 coniugavit
714 1269 737 1298 a.
750 1249 852 1300 Etenim
862 1249 914 1313 jam
926 1249 994 1300 idem
1006 1249 1070 1299 dixit
1081 1249 1177 1302 Tullius
1189 1249 1201 1312 §
1211 1250 1243 1298 56
1255 1264 1261 1296 ι
1276 1270 1286 1292 ι
1298 1249 1362 1298 Nihil

298 1343 381 1386 autem
394 1342 434 1386 est
444 1335 587 1395 amabilius,
599 1341 649 1386 etc.
660 1353 683 1383 ι.
696 1334 806 1384 Verbum
819 1334 957 1397 contugerit
968 1342 1008 1384 est
1018 1332 1087 1397 ἅπαξ
1100 1332 1152 1405 lep.
1164 1334 1229 1396 apud
1239 1340 1363 1393 nostrum,

298 1435 344 1472 uec
354 1421 422 1472 bene
434 1421 545 1478 nectitur
556 1420 683 1470 sententia
694 1432 752 1469 cum
764 1420 796 1470 iis
806 1432 862 1483 quae
873 1428 948 1470 antea
961 1419 1090 1483 leguntur

328 1508 490 1573 XVlll,§59.
515 1510 584 1559 ldern
604 1508 760 1559 Faceiolatus
780 1508 876 1570 primus
897 1508 958 1558 uidit
977 1508 1107 1557 incisum:
1131 1530 1139 1549 t
1162 1513 1188 1557 et
1206 1506 1364 1558 consuetudo

298 1598 497 1662 exercitatioque
509 1598 631 1661 capienda
642 1619 651 1641 ι
664 1597 778 1660 spurium
790 1609 857 1655 esse,
871 1597 963 1662 quippe
977 1596 1044 1660 quod
1058 1596 1083 1646 b.
1098 1595 1116 1643 1.
1128 1608 1233 1657 prorsus
1243 1595 1364 1651 alienum,

297 1687 329 1746 ad
342 1688 475 1754 periodum
488 1688 627 1751 proximam
644 1686 764 1749 pertinet,
775 1700 790 1736 e
803 1686 908 1750 regione
920 1684 993 1748 cujus
1004 1686 1029 1735 in
1043 1686 1157 1749 margine
1170 1685 1362 1748 scriptumetut.

301 1777 392 1832 Baiter.
406 1777 431 1836 11
444 1776 557 1836 seclusit,
570 1776 689 1840 equidem
697 1775 804 1833 deleam.
848 1832 851 1837 ,
929 1830 931 1833 ,
1216 1827 1219 1833 ,

329 1869 393 1933 11111,
407 1870 419 1931 1
430 1868 469 1919 61.
488 1868 584 1931 Pariter
595 1868 677 1917 aliena
689 1867 721 1918 ab
733 1866 848 1918 oratione
860 1866 921 1916 milti
935 1866 1187 1918 uidetursententiac
1201 1883 1213 1909 t
1222 1864 1288 1916 Nihil
1296 1866 1363 1916 euim

298 1960 433 2021 hopesnrm
446 1971 504 2010 esse
516 1965 600 2021 potest
611 1958 678 2021 quod
691 1957 787 2018 iustitia
800 1964 871 2022 uacat
884 1975 907 2018 r,
919 1957 945 2006 in
959 1970 1007 2020 qua
1018 1956 1149 2020 epitomen
1161 1970 1239 2008 cerno
1251 1957 1276 2007 iu
1294 1969 1364 2007 mar-

297 2050 357 2111 gine
368 2049 497 2111 scriptam.
510 2047 633 2098 Particula
646 2047 710 2096 enim
723 2047 748 2096 in
763 2046 890 2110 plerisque
903 2047 977 2097 codd.
989 2047 1078 2105 deest;
1091 2045 1187 2095 Tullius
1198 2046 1252 2107 ipse
1260 2045 1285 2096 iu
1293 2045 1363 2114 prin·

298 2137 365 2201 cipio
377 2138 403 2188 6.
418 2137 474 2188 xlx
485 2137 552 2187 idem
564 2136 637 2199 dixit,
651 2136 719 2201 quod
732 2136 824 2187 iterum
837 2135 932 2201 legitur
944 2136 968 2185 in
982 2135 1032 2185 fine
1045 2134 1058 2200 5
1070 2135 1101 2186 bt
1111 2150 1119 2196 3
1131 2136 1241 2203 denique
1249 2147 1278 2184 ea
1286 2135 1363 2185 omis-

298 2240 326 2278 sa
336 2226 402 2277 nibil
414 2226 562 2285 desidercs;
574 2225 625 2278 iuro
636 2225 729 2276 melius
740 2224 807 2276 inter
826 2237 855 2275 se
876 2225 1006 2276 coherent
1023 2224 1164 2275 sententiae.
1177 2251 1208 2259 -
1220 2225 1232 2287 i
1243 2224 1282 2274 65.
1303 2224 1363 2273 Per-

298 2328 389 2380 magna
401 2314 516 2380 conlusio
528 2314 603 2378 hujus
615 2314 634 2376 §i
648 2313 724 2363 finem
735 2312 839 2373 inlecit;
852 2314 948 2368 etenim
962 2327 1011 2364 uon
1023 2313 1096 2364 facile
1104 2312 1364 2376 intelligasquomodo

299 2404 351 2456 dici
363 2403 444 2468 possit
454 2402 575 2466 deauimi
587 2401 782 2464 magnitudine:
799 2422 808 2445 ι
823 2402 891 2465 quod
905 2401 1044 2466 principem
1055 2414 1083 2451 se
1102 2414 1159 2452 esse
1177 2401 1271 2450 mauult
1289 2413 1362 2463 quam

299 2491 380 2547 uideri
393 2506 423 2551 »3
435 2489 563 2554 quomodo
575 2489 625 2542 dici
638 2489 736 2552 possit:
752 2510 762 2542 t
777 2488 802 2538 iu
814 2488 913 2552 magnis
927 2488 988 2540 viris
999 2501 1049 2547 noo
1068 2500 1125 2538 esse
1144 2487 1288 2546 babendum
1305 2501 1363 2554 curn

298 2580 343 2645 qni
354 2593 385 2630 er
399 2591 487 2631 errore
499 2577 622 2641 imperitae
633 2576 802 2648 multitudinis
816 2577 926 2641 pendeat
940 2595 963 2639 u,
977 2591 1052 2641 quum
1066 2578 1114 2630 boc
1130 2577 1224 2642 septus
1242 2577 1363 2636 eueniat;

301 2668 429 2732 quomodo
441 2668 550 2731 denique
563 2668 630 2718 inter
641 2680 669 2717 se
679 2666 817 2730 iungantur
830 2668 943 2717 membra
957 2683 963 2716 z
979 2690 989 2711 ι
1003 2668 1046 2731 qui
1058 2667 1130 2717 locus
1146 2674 1185 2716 est
1204 2680 1265 2722 sane
1283 2665 1363 2720 lubri-

297 2772 344 2812 cus
354 2780 365 2801 »
379 2767 405 2810 et
417 2777 430 2805 u
440 2758 507 2823 quod
521 2758 562 2807 rix
573 2758 701 2817 inuenitur
704 2792 762 2807 ......
776 2758 908 2808 desideret
918 2757 1025 2821 gloriam
1034 2776 1057 2804 o.
1069 2757 1110 2810 Sic
1123 2756 1183 2808 milti
1192 2755 1363 2807 membrorum

298 2848 362 2901 ordo
374 2861 433 2901 esse
445 2847 618 2906 restituendus
631 2848 731 2898 ridetur
744 2862 750 2895 :
764 2866 777 2891 tt
790 2847 853 2898 Vera
867 2855 951 2897 autern
964 2854 990 2919 et
1001 2846 1103 2918 sapiens
1120 2846 1197 2896 animi
1215 2845 1362 2909 magnitudo

299 2939 433 3004 boneslum
445 2938 517 3000 illud,
530 2938 597 3002 quod
610 2937 718 2990 inarime
731 2944 819 2987 natura
831 2938 956 3004 sequitur,
969 2938 995 2985 in
1008 2936 1081 2988 iactis
1093 2936 1201 2999 positum
1214 2949 1264 2985 non
1272 2934 1363 2999 inglo-

299 3028 336 3080 ria
349 3027 451 3092 iudicat.
465 3027 511 3078 ilic
523 3027 549 3075 in
562 3026 660 3089 maguis
672 3025 732 3075 viris
743 3039 795 3075 non
807 3033 848 3076 est
859 3025 993 3076 habendus
1008 3025 1049 3089 qui
1061 3024 1200 3087 principem
1209 3037 1237 3074 se
1245 3036 1302 3073 esse
1310 3036 1363 3072 ma·-

299 3116 352 3180 rull
363 3128 438 3181 quam
451 3115 548 3176 rideri;
560 3102 685 3180 qui'locus
696 3122 736 3178 est
754 3128 815 3179 saue
832 3114 955 3177 lubricus,
974 3114 1068 3164 etenim
1085 3127 1115 3164 ex
1133 3125 1220 3164 errore
1240 3111 1363 3175 imperite

299 3205 468 3270 multitudinis
480 3205 583 3269 pendet.
596 3203 723 3254 Facillime
735 3211 820 3262 autem
832 3203 864 3255 ad
877 3216 918 3266 res
930 3202 1035 3264 iujustas
1048 3201 1196 3266 inpellitur,
1213 3207 1240 3250 ut
1257 3199 1362 3266 quisquc

300 3295 424 3357 altissimo
435 3294 519 3345 ammo
532 3300 571 3345 est
590 3294 677 3357 gloriae
695 3293 850 3357 cupiditate;
868 3292 936 3357 quod
956 3292 996 3341 viu
1016 3291 1152 3356 invenitur,
1172 3290 1216 3353 qui
1234 3289 1363 3359 laboribus

303 3383 440 3447 susceptis,
452 3383 621 3447 periculisque
632 3382 708 3433 aditis
719 3395 769 3433 nou
780 3368 853 3445 quasi
865 3380 1010 3431 mercedem
1023 3393 1106 3432 rerum
1120 3387 1247 3444 gestarum
1259 3378 1363 3429 deside·

299 3480 339 3524 ret
350 3472 465 3537 gloriam.
482 3493 492 3515 »

330 3562 383 3620 xx,
396 3563 407 3626 i
420 3561 459 3612 66.
479 3562 552 3625 Legit
565 3561 689 3623 Baiterus,
702 3568 821 3615 mouente
835 3561 969 3625 Madvigio,
983 3577 995 3605 u
1005 3574 1062 3612 cum
1076 3572 1224 3626 persuasum
1237 3565 1276 3608 est
1286 3577 1308 3616 ι,
1316 3571 1362 3622 pro

301 3651 369 3716 rnlg.
382 3651 423 3701 sit.
435 3675 468 3688 -
479 3650 597 3702 omittam
611 3650 687 3709 rerba
701 3666 707 3697 ι
723 3671 733 3693 «
747 3664 830 3713 neque
843 3649 939 3701 homini
952 3670 974 3710 tt,
993 3664 1048 3716 quae
1067 3650 1094 3700 h.
1115 3649 1131 3699 1.
1151 3648 1233 3708 aliena
1252 3655 1319 3699 suut.
1332 3675 1362 3683 -

299 3742 362 3791 Tum
376 3753 445 3791 voce.
459 3754 508 3799 ret,
521 3754 614 3796 rerum,
629 3748 681 3790 tum
694 3739 815 3803 particula
826 3744 853 3790 ut
864 3740 892 3789 in
904 3740 953 3806 line
965 3740 1041 3802 hujus
1052 3740 1070 3802 §⁵
1085 3738 1251 3804 frequentius,
1265 3746 1291 3788 et
1305 3737 1361 3787 sine

301 3840 359 3878 vera
372 3842 447 3879 causa
460 3828 589 3891 leguntur,
602 3828 669 3891 quod
682 3841 733 3877 uon
746 3841 777 3878 ex
790 3841 861 3878 more
873 3826 987 3878 Tulliano
1000 3827 1092 3882 lactum
1105 3835 1144 3890 est
1154 3841 1161 3888 ;
1173 3827 1264 3889 opinor
1275 3826 1312 3877 sic
1324 3825 1363 3875 le-

299 3919 413 3983 gendum
424 3930 481 3967 esse
494 3932 501 3963 ι
517 3917 621 3967 «Altera
633 3923 682 3980 est,
694 3929 753 3966 cum
763 3916 799 3966 ita
811 3916 848 3966 sis
859 3914 966 3967 allectus
977 3916 1072 3977 animo,
1086 3921 1113 3966 ut
1125 3929 1200 3977 supra
1213 3915 1274 3971 diri,
1286 3927 1327 3964 res
1335 3918 1362 3963 ut

300 4020 376 4072 geras
387 4020 492 4072 magnas
502 4006 559 4057 illas
570 4007 673 4070 quidem
685 4012 712 4058 et
722 4007 830 4070 maxime
844 4006 928 4063 utiles,
940 4006 986 4066 sed
998 4012 1025 4064 et
1036 4005 1202 4057 vehementer
1213 4005 1304 4058 arduas
1313 4004 1363 4068 ple·

296 4111 397 4162 ,uaeque
409 4096 523 4156 laborum
535 4104 561 4148 et
574 4096 753 4160 periculorum,
766 4110 823 4148 cum
837 4096 894 4146 ritae
906 4110 987 4155 conso,
1002 4103 1053 4145 tum
1066 4109 1150 4146 eornm
1167 4107 1223 4159 quae
1238 4096 1270 4145 ad
1287 4095 1361 4146 vitam

297 4186 461 4251 pertinent».
476 4185 632 4251 Dissentiuut
643 4185 716 4246 codd.
731 4185 872 4251 praesertim
884 4185 908 4249 in
921 4184 1032 4236 clausula
1044 4199 1051 4246 ;
1063 4198 1154 4235 nomen
1164 4184 1311 4247 causaquod
1323 4183 1362 4234 le-

301 4275 370 4340 gitur
381 4273 448 4335 apud
461 4273 599 4324 Manutium
610 4279 635 4323 et
649 4280 762 4323 uetustas
773 4274 909 4331 editiones,
923 4272 963 4330 uix
976 4273 1067 4323 deesse
1079 4280 1172 4336 potest,
1185 4280 1212 4323 et
1222 4271 1295 4322 lacile
1314 4285 1362 4322 ne-

301 4362 364 4433 gligt
376 4361 458 4431 potuit
469 4361 503 4430 pb
514 4360 702 4431 compendium.
720 4387 750 4397 -
762 4362 774 4426 ᾗ
785 4361 824 4414 69.
844 4360 962 4428 Plerique
980 4361 1083 4426 codices
1100 4361 1197 4418 babent
1209 4383 1219 4404 ι
1234 4360 1361 4426 uoluptate
