3325 5159
639 556 681 613 lle
697 569 818 613 morans
830 557 879 628 lll,
896 569 954 627 1·n,
971 559 1029 614 l-l.
1312 554 1363 616 tlt

300 695 383 757 ipsum
395 701 462 745 vetat
476 714 486 737 a
500 700 526 744 et
540 714 550 737 ι
565 694 618 743 burc
630 693 764 743 laudabilia
778 708 808 752 »3
821 693 878 757 quia
892 694 977 744 ultima
990 694 1009 757 §i
1021 694 1053 744 59
1064 693 1191 745 sententia
1203 694 1235 744 ad
1247 699 1365 756 sumptus

300 784 324 833 in
337 784 469 835 funeribus
481 783 634 847 locupletum
647 785 739 834 uetitos
752 784 871 840 refertur,
884 790 912 833 ut
928 784 1064 835 discrimen
1084 782 1191 834 fortunae
1211 789 1295 835 morte
1311 782 1363 835 tol-

299 874 372 921 latur.
386 900 417 908 -
429 873 523 934 llalim,
537 886 594 921 cum
607 873 694 933 Ballio,
707 872 794 936 legere
807 888 814 921 ι
835 892 847 917 a
860 887 904 922 nce
915 878 1063 935 sumptuosa
1076 872 1213 935 respersio,
1225 886 1269 924 occ
1280 871 1363 935 longe

297 975 407 1023 coronae,
420 975 467 1012 nec
478 975 574 1012 acerrae
586 968 775 1025 praetereuntur.
783 990 812 999 -
825 962 870 1012 Vix
882 962 974 1013 abesse
988 968 1071 1025 potest
1083 975 1139 1013 roc.
1152 962 1242 1025 sursera
1254 962 1321 1027 quod
1335 962 1361 1011 itt

298 1049 372 1098 codd.
386 1050 467 1108 deest,
481 1055 538 1113 post
547 1050 631 1113 ploro.
645 1079 676 1088 -
687 1050 806 1099 omittam
818 1063 876 1099 cum
894 1050 971 1101 Baldo
988 1063 1065 1101 voces
1083 1050 1187 1101 «altera
1207 1050 1247 1099 lex
1263 1071 1285 1111 »,
1305 1056 1363 1113 post

299 1139 398 1202 occipit.
417 1137 496 1188 llalm.
517 1139 639 1202 scripsit:
661 1160 672 1183 «
692 1139 817 1202 excipitur
836 1140 914 1189 ultera
934 1136 1014 1207 {lege}
1034 1158 1056 1187 a,
1076 1141 1155 1190 dudd.
1174 1140 1281 1201 addunt,
1304 1146 1362 1202 post

299 1246 312 1273 u
325 1229 434 1291 excipiat
445 1228 523 1279 altera
535 1230 596 1279 lex»
611 1245 619 1277 ε
633 1229 767 1292 «praecipit
777 1229 857 1279 altera
870 1230 927 1293 lege
937 1250 959 1291 ι,
972 1242 1028 1293 quae
1041 1230 1117 1280 rerba
1129 1229 1291 1293 glossematis
1301 1241 1361 1293 spe-

298 1317 364 1365 ciem
377 1316 531 1382 babent-5
542 1320 581 1368 dl.
596 1318 701 1383 Legitur
712 1320 738 1369 in
750 1319 825 1370 codd.
841 1319 1006 1371 «incendium
1019 1327 1121 1370 veretur
1132 1319 1253 1370 acerbum
1262 1325 1329 1370 uetat
1339 1338 1362 1379 a,

297 1419 370 1469 qnam
383 1408 518 1459 lectionem
531 1415 634 1459 tuentur
646 1409 768 1459 Goerenz.
781 1416 807 1459 ct
820 1410 898 1468 Bake,
909 1410 1004 1483 omisso
1016 1410 1095 1460 verbo
1115 1413 1191 1460 uelut.
1212 1408 1261 1459 dlii
1279 1408 1361 1474 conii-

298 1498 413 1548 cluntre
428 1497 530 1548 incend.
544 1498 645 1548 videtur
655 1511 743 1548 arcere
758 1518 779 1547 ».
793 1498 875 1549 llalm.
888 1499 988 1550 edidit:
1009 1518 1022 1545 a
1036 1500 1181 1551 incendium
1202 1506 1229 1549 ut
1246 1505 1362 1549 arceatur

298 1595 365 1637 vetat
379 1608 400 1636 ».
413 1587 496 1637 Malim
510 1603 516 1635 ι
532 1608 543 1632 ι
557 1588 703 1638 incendium
714 1595 742 1637 ut
753 1591 880 1638 cantatur
892 1595 960 1639 vetat
974 1609 995 1652 ι,
1008 1590 1076 1653 quod
1088 1602 1103 1639 a
1115 1590 1190 1640 codd.
1204 1588 1264 1639 lect.
1277 1588 1362 1640 minos

299 1676 393 1732 differt.

329 1767 402 1829 XXV,
416 1766 479 1830 562.
498 1767 551 1817 Non
564 1768 647 1830 placet
661 1767 752 1819 iterata
763 1767 871 1818 formula
883 1768 951 1818 «sed
963 1768 1041 1818 credo
1051 1787 1074 1825 ι,
1091 1781 1147 1831 quae
1158 1767 1228 1831 prius
1240 1767 1277 1817 sic
1294 1767 1362 1831 legi·

299 1856 372 1905 turin
381 1856 456 1906 codd.
469 1856 522 1906 lere
535 1857 653 1906 omnibus
667 1857 731 1907 «sed
744 1857 838 1908 recedo
849 1871 871 1917 r;
883 1857 969 1922 itaque
982 1857 1019 1908 sic
1031 1857 1209 1920 corrigendam
1222 1870 1280 1908 esse
1293 1857 1361 1921 vulg.

298 1946 356 1995 lect.
372 1946 502 2008 suspicor:
517 1947 657 2006 «concedo,
671 1947 823 2009 Quinte,.....
838 1947 863 1997 in
875 1948 902 1997 C.
916 1948 999 2011 Figuli
1010 1960 1063 2011 sep.
1078 1947 1158 2003 uidear
1170 1947 1216 1998 sed
1228 1946 1307 1997 credo
1318 1947 1363 1997 mi·

297 2036 389 2084 nimam
393 2072 450 2084 ......
464 2049 522 2086 nam
535 2036 614 2086 multo
634 2043 765 2087 exstarent
783 2037 905 2099 ampliora
924 2036 1078 2087 maiorum».
1090 2036 1190 2099 -ldb
1202 2034 1284 2087 verba
1297 2036 1363 2090 «itte

297 2138 385 2186 mosa,
397 2139 463 2189 quae,
475 2133 504 2175 ut
512 2125 697 2187 monetllalm.,
709 2127 803 2178 misere
811 2126 935 2177 divellunt
948 2139 1024 2177 voces
1038 2127 1107 2176 «iam
1119 2139 1133 2176 a
1143 2127 1255 2189 Cecrope
1266 2146 1288 2189 »‚
1300 2125 1363 2178 mibi

298 2213 417 2262 ridentur
434 2226 492 2263 esse
511 2214 637 2276 glossema
650 2227 720 2264 voco.
743 2215 815 2265 «boc
828 2214 867 2264 ius
881 2234 903 2275 a,
917 2227 973 2277 quae
985 2214 1046 2264 dant
1056 2213 1131 2264 codd.
1146 2220 1203 2276 post
1215 2213 1359 2277 permansit.

298 2300 416 2350 Fortasse
432 2292 463 2350 in¹
474 2302 514 2350 bis
526 2315 597 2351 rocc.
612 2302 681 2352 «boc
694 2303 753 2352 ius»
769 2302 848 2353 latent
861 2316 930 2353 rocc.
945 2320 958 2347 «ι
967 2303 1008 2352 bie
1020 2315 1082 2354 usus
1090 2321 1113 2361 u,
1124 2316 1181 2366 quae
1192 2316 1250 2353 cunr
1262 2302 1294 2354 iis
1306 2314 1363 2365 quau

298 2389 466 2451 subjiciuntur
477 2403 528 2441 uon
540 2390 605 2440 male
616 2399 798 2454 congruerent,
813 2379 932 2455 quoniam
944 2399 1011 2443 terra
1023 2392 1200 2444 obterebatur.
1213 2419 1244 2430 —-
1256 2392 1340 2445 Malim
1353 2405 1360 2440 a

300 2490 396 2541 aquom
408 2477 522 2542 quioquid
535 2478 588 2527 ueri
600 2485 707 2541 poterat,
721 2486 776 2529 erat
788 2479 983 2541 praedicatum».
996 2508 1027 2515 -
1039 2480 1052 2543 5
1064 2479 1103 2529 bt.
1117 2479 1227 2542 begam:
1241 2499 1253 2523 a
1263 2486 1360 2543 postca,

297 2566 609 2629 prtum......coepisseut».
858 2611 860 2617 ,

327 2655 412 2716 llllvl,
424 2657 439 2722 5
449 2656 489 2706 65.
502 2656 594 2707 llerito
605 2656 709 2720 scripsit
722 2656 834 2708 llalmius
847 2645 879 2708 a«
893 2662 965 2721 aupes
977 2658 1073 2710 luctum
1087 2677 1109 2719 »‚
1127 2671 1173 2721 pro
1192 2657 1259 2722 vulg.
1279 2656 1360 2712 utet.

297 2770 328 2780 -
339 2745 351 2806 ξ
362 2744 402 2795 66.
415 2745 464 2794 Pro
471 2745 590 2803 'odorum
603 2745 757 2809 conjiciebat
767 2745 877 2797 Orellius
889 2746 1006 2797 alienum.
1021 2746 1112 2797 Belius
1128 2746 1199 2799 malit
1215 2746 1360 2806 alienorum,

297 2829 351 2880 scil.
364 2836 413 2881 τῶν
426 2832 460 2902 pir
473 2830 656 2905 ,oppugnandarum
673 2846 749 2895 quem
761 2839 885 2896 sequutus
896 2839 936 2883 est
949 2833 1069 2883 llalmins.

327 2913 423 2975 xxvii,
435 2914 448 2976 ᾖ
458 2914 497 2965 68.
515 2915 659 2979 wagnems
670 2917 763 2968 merito
774 2916 859 2980 spuria
871 2924 961 2968 censet
973 2916 1050 2969 rerba
1064 2932 1070 2965 :
1085 2938 1095 2960 a
1110 2916 1234 2980 Deinceps
1246 2916 1360 2968 dicit.....
1437 2905 1441 2911 ’

296 3003 377 3065 poenis
387 3002 523 3066 impiorum
538 3024 560 3067 ·,
573 3018 629 3068 quae
641 3004 755 3056 Halmius
765 3004 878 3057 inclusit·
890 3033 922 3044 ·-
934 3007 946 3069 ς
956 3006 996 3058 69.
1009 3006 1058 3057 Pro
1077 3006 1162 3071 ipitur,
1182 3014 1241 3069 post
1257 3006 1359 3065 lamiis,

295 3091 402 3143 tortasse
413 3092 577 3143 scribendum
588 3093 630 3142 sic.
643 3121 675 3131 -
687 3094 822 3146 Abundare
835 3093 936 3146 ridetur
947 3094 994 3153 dic.
1007 3100 1065 3158 pust
1078 3115 1089 3143 ι
1103 3108 1153 3147 uno
1165 3095 1254 3146 estivo
1267 3114 1289 3143 r.

721 3271 933 3280 .—.-—.-.-—--

661 3506 779 3576 LIBER
803 3506 988 3577 TERTIUS.

327 3898 346 3959 l,
359 3898 403 3963 §l
417 3900 497 3951 codd.
510 3901 598 3965 optimi
607 3900 715 3952 babent:
730 3924 740 3946 ι
752 3903 881 3954 Platonem
889 3904 1008 3956 videlicet
1015 3904 1095 3967 ‹iitipia
1103 3922 1127 3967 a,
1136 3904 1291 3957 deteriores:
1303 3904 1360 3957 «Pl.

218 4037 221 4041 ,
296 4000 318 4034 r.
333 3987 391 4037 dicia
400 4007 423 4047 a,
435 4003 500 4053 quos
510 3991 612 4055 sequmi
623 3998 683 4042 sunt
694 3992 805 4043 Orellius
816 4000 842 4044 et
854 3993 969 4059 plerique
981 3993 1111 4056 editorcs;
1124 3994 1243 4058 cqtuidem
1251 4003 1359 4060 utroque

296 4077 375 4127 uerbo
387 4075 460 4128 iacile
471 4079 574 4131 carebo.
587 4108 619 4117 -
630 4081 642 4143 fi
653 4081 675 4132 2.
689 4082 808 4133 Fortasse
820 4083 957 4147 legendum
970 4099 977 4133 ι
992 4105 1002 4126 «
1018 4096 1127 4149 uereque
1139 4082 1190 4135 dici
1200 4084 1263 4133 coici
1278 4105 1299 4147 ι,
1313 4098 1359 4148 pro

293 4170 380 4229 potest.
393 4193 425 4203 -
437 4166 448 4228 5
460 4167 482 4216 6.
496 4168 652 4221 Alterutrum
664 4171 821 4235 eligendum,
834 4185 880 4223 seu
894 4188 900 4221 ε
924 4194 934 4218 ι
949 4174 1032 4238 legem
1051 4173 1157 4238 intelligi
1178 4175 1236 4225 nolo
1249 4193 1272 4237 ι,
1291 4187 1337 4226 seu
1351 4188 1358 4223 ι

294 4273 307 4299 a
321 4254 404 4318 legem
415 4267 430 4304 a
442 4268 483 4306 me
495 4255 546 4307 dici
554 4257 611 4309 rolo
625 4277 638 4304 r
651 4273 658 4319 ;
670 4260 740 4322 prius
753 4260 834 4325 magis
847 4261 938 4323 placet.

218 4380 220 4384 .
324 4344 355 4402 ll,
367 4344 380 4406 ς
390 4344 414 4393 l.
432 4343 527 4408 opinor
543 4357 601 4399 esse
617 4347 754 4412 legendum
768 4365 806 4400 :.«
818 4350 884 4402 unde
901 4349 979 4402 etiam
996 4349 1118 4415 deinceps
1137 4349 1248 4415 posteris
1263 4351 1359 4415 prode·
