3325 5159
300 521 337 575 ti
542 516 583 573 liu
597 495 712 572 arurau's
726 526 865 573 nononun
882 516 917 585 ll,
934 528 1015 585 run,
1033 516 1124 573 lli-tt.

300 642 341 690 cio
353 642 385 690 dc
405 640 480 703 lrujns
492 652 547 689 roo.
567 640 682 689 ueritate.
695 666 726 675 -
738 638 826 689 Aliena
840 638 902 689 milri
920 638 1021 689 rldetnr
1032 638 1082 689 hoc
1094 639 1151 690 loco
1163 639 1209 688 ista
1223 638 1369 690 Stoicorum

301 728 431 789 delinitio;
444 729 556 779 nondum
575 728 644 777 enim
663 729 696 779 de
715 727 852 790 uoluptatis
869 727 929 779 vitio
948 728 1042 791 agitur,
1061 728 1107 778 sed
1119 728 1151 777 dc
1163 727 1238 789 liutius
1251 728 1370 778 vocabuli

301 832 357 869 usn.
372 819 495 868 Praeterea
505 817 654 867 vocabulum
667 816 772 867 aulmtio
783 829 835 867 non
847 816 939 880 legitur
951 816 1012 866 alibi
1023 817 1089 879 apud
1102 817 1250 866 Ciceronem
1259 816 1303 880 qui
1317 816 1370 867 uti-

302 915 342 958 tur
355 919 411 957 roc.
422 906 494 955 elatio
506 907 590 968 (Tusa.
603 906 643 966 lV,
659 905 707 967 13.)
719 904 839 957 Fortasse
850 905 1075 969 eruditusquidam
1088 906 1167 955 lector
1179 906 1252 955 istam
1265 906 1292 954 in
1300 918 1369 955 mar-
1408 896 1411 899 ’

299 996 360 1059 gine
371 996 524 1045 sententiam
535 994 716 1057 inscripserat,
728 994 828 1058 egregii
844 994 978 1059 scriptoris
989 1006 1050 1045 usus
1063 994 1158 1056 verbis,
1171 1008 1228 1058 quae
1240 1002 1330 1056 postea
1343 994 1368 1044 in

300 1093 448 1138 contentum
465 1084 547 1134 tlrrxit.
560 1084 646 1147 ltaque
658 1084 787 1135 secludam
801 1085 894 1136 rerba:
908 1103 920 1130 ι
935 1084 1029 1136 Vitiosa
1043 1097 1093 1147 res,
1107 1092 1134 1135 ut
1146 1086 1224 1135 Stoici
1236 1092 1368 1148 putant‚...

301 1189 392 1237 magno
405 1175 473 1224 bono
485 1172 534 1223 leni
544 1192 566 1221 i,

331 1264 360 1325 V,
373 1262 388 1326 5
402 1262 439 1313 16.
451 1261 590 1312 Tullianam
602 1261 801 1313 concinnitatem
813 1261 1017 1325 elegantiamque
1036 1262 1077 1312 via
1090 1273 1214 1324 agnoscas
1225 1261 1250 1310 ln
1262 1262 1312 1311 ista
1324 1274 1370 1324 pa·

299 1350 429 1401 renthesi:
449 1367 461 1394 ιι
475 1349 513 1400 sic
533 1348 602 1399 enim
621 1348 732 1411 appellat
742 1349 808 1399 hanc
822 1349 935 1411 dulcem,
948 1349 973 1399 in
986 1356 1067 1409 motu,
1079 1348 1147 1399 illam
1166 1347 1228 1397 nitril
1245 1348 1368 1410 dolentis,

299 1438 325 1487 in
342 1437 482 1488 stabilitate
490 1451 513 1493 »3
525 1450 582 1500 quaa
601 1444 721 1487 cantemm
740 1436 864 1488 lectorem
884 1437 988 1487 minime
1003 1436 1083 1499 iurat.
1096 1443 1124 1487 et
1137 1437 1227 1499 partim
1239 1436 1299 1486 huic
1310 1436 1370 1489 loco

297 1527 379 1576 aliena
392 1532 441 1577 est.
454 1553 480 1561 -
496 1526 581 1576 Codex
595 1528 625 1584 d,
642 1538 689 1576 seu
710 1524 762 1575 Pal.
775 1526 795 1588 l,
812 1526 857 1577 dat
874 1527 1041 1588 mpitutinnea,
1061 1526 1276 1589 prouocationes,
1289 1539 1374 1588 quem·

299 1628 402 1679 sequar,
416 1615 557 1667 omittendo
569 1628 628 1665 cum
640 1615 716 1665 Baldo
729 1628 785 1666 roc.
798 1615 936 1666 portorium.
950 1642 980 1651 —
994 1615 1057 1676 Quid
1068 1615 1158 1677 iurant
1172 1615 1221 1665 ista
1233 1615 1368 1678 exempla:

299 1725 311 1750 ι
325 1713 353 1755 ιιι
364 1706 391 1755 ln
403 1704 532 1766 voluptate
543 1703 577 1754 sit
588 1703 632 1767 qul
645 1704 773 1767 epuletur,
786 1704 811 1755 in
823 1704 913 1755 dolore
925 1704 968 1766 qui
982 1711 1130 1767 torqueatur
1144 1703 1175 1751 »l
1187 1720 1200 1747 ι
1212 1704 1249 1753 Τιι
1261 1710 1346 1754 autem
1356 1723 1369 1749 n

298 1794 486 1857 respondethis
497 1806 553 1857 quae
564 1805 640 1856 supra
653 1794 788 1857 leguntur:
798 1812 810 1839 ι
820 1793 882 1854 Quis
894 1800 933 1843 est
944 1794 1013 1843 enlm
1023 1793 1068 1855 qui
1080 1805 1130 1842 non
1143 1792 1258 1843 rideat».
1272 1810 1284 1836 α
1299 1792 1369 1843 luter

299 1882 353 1931 luen
362 1900 375 1927 ι
388 1880 533 1931 referuntur
545 1880 576 1929 ad
593 1893 669 1931 voces
680 1880 802 1945 notrrptote
813 1887 841 1931 et
852 1880 943 1937 dolore,
955 1893 1006 1929 non
1020 1893 1081 1931 vero
1092 1881 1124 1930 ad
1135 1880 1224 1941 epulas
1235 1881 1304 1931 etad
1317 1888 1371 1932 tor·

300 1976 393 2020 menta.
407 1997 437 2006 -
448 1968 603 2019 Vocabulum
613 1969 766 2018 interiectum
789 1969 893 2019 inclusit
905 1969 1014 2038 Madvig.
1024 1982 1032 2028 ;
1044 1968 1163 2031 equidem
1176 1968 1276 2019 Baitero
1288 1969 1369 2021 obse·

298 2069 372 2120 quar,
391 2056 435 2119 qni
448 2056 473 2106 id
485 2055 559 2105 uncis
568 2055 703 2114 liberarit3
715 2056 762 2105 sed
774 2057 913 2106 omittenda
926 2069 1021 2106 censeo
1033 2056 1112 2105 verba
1124 2073 1136 2099 ι
1150 2057 1218 2105 inter
1230 2057 1283 2117 haec
1297 2074 1320 2105 n.

329 2144 369 2206 vl,
382 2144 396 2207 5
409 2145 448 2194 l'l.
466 2143 680 2194 transferendum
698 2156 756 2193 esse
768 2144 893 2194 incisumr
909 2165 918 2187 ι
933 2151 960 2194 ut
980 2144 1030 2193 iam
1041 2152 1100 2193 ante
1113 2144 1264 2194 Aristoteles
1275 2164 1297 2205 ι,
1310 2152 1370 2207 post

301 2244 357 2282 roc.
374 2231 458 2289 Stoici,
479 2231 577 2281 monuit
593 2231 738 2293 wallerus,
757 2232 799 2281 cui
817 2232 956 2282 assentitur·
969 2232 1059 2294 partim
1072 2231 1181 2294 iladvig.
1195 2231 1368 2282 omittendum

298 2333 358 2371 esse
377 2320 487 2380 dicebat,
501 2328 558 2382 post
575 2340 585 2362 ι
599 2319 708 2370 similem
720 2332 779 2370 esse
791 2343 812 2379 ι,
825 2328 914 2371 censet
927 2322 993 2370 Bake
1003 2334 1011 2379 ;
1023 2321 1109 2383 itaque
1121 2320 1219 2383 legam:
1232 2337 1246 2365 ιι
1258 2320 1369 2370 Zenonis

297 2408 469 2471 esqinqmm,
478 2408 526 2459 troc
538 2407 626 2470 Stoici,
635 2408 720 2458 utiam
731 2408 949 2465 antedristotelia,
969 2421 1070 2458 omnem
1081 2407 1256 2471 vimloquendi
1268 2407 1369 2469 induas

298 2498 419 2547 tributam
439 2510 498 2548 esse
515 2505 609 2560 partes,
629 2498 783 2548 rhetoricam
796 2498 894 2559 palmae,
906 2497 1065 2548 dialecticam
1079 2496 1156 2559 pugni
1167 2496 1287 2556 similem,
1299 2497 1367 2559 quod

299 2585 375 2636 latius
397 2586 564 2649 loquerentur
588 2585 717 2645 rhetores,
740 2585 869 2635 dialectici
888 2592 974 2635 autem
993 2584 1166 2647 compressius
1175 2602 1197 2633 ι.
1210 2583 1282 2635 Gonl.
1294 2584 1328 2634 de
1339 2596 1369 2634 re

298 2674 367 2725 Orat.
380 2674 394 2737 5
409 2674 462 2724 113.
475 2700 506 2711 -
521 2672 536 2737 5
551 2674 586 2723 l8.
601 2672 709 2735 Melius,
722 2673 823 2734 opinor,
835 2679 953 2723 serretur
966 2672 1064 2735 periodi
1076 2672 1232 2736 symmetria,
1245 2673 1366 2735 allegas:

295 2767 339 2811 «et
350 2760 489 2818 ludioaudi,
501 2760 575 2824 quale
586 2760 620 2810 sit
631 2760 753 2824 quidque,
761 2760 898 2823 rationem,
906 2772 935 2811 ac
944 2760 1187 2823 riamdisputandi·;
1195 2759 1292 2810 rectius
1298 2760 1368 2811 enim

297 2850 392 2900 dicitur
407 2848 538 2911 iudicandi
554 2847 620 2900 ratio
636 2860 711 2917 quam
728 2848 853 2910 scientia;
866 2861 913 2900 nec
931 2849 1059 2913 intelligas
1070 2861 1149 2913 quare
1163 2848 1267 2899 verbum
1278 2849 1369 2912 dispu-

300 2936 370 2989 tandi
382 2936 487 2990 vocibus
503 2938 637 2988 rationem
648 2938 689 2988 oia
700 2937 847 3001 deliniatur,
859 2951 937 3001 quum
949 2938 998 2989 alia
1006 2938 1083 2989 rerba
1091 2938 1241 3000 simpliciter
1249 2938 1370 2989 emittan-

300 3033 349 3075 tur.
362 3024 415 3090 -5
427 3023 467 3075 19.
480 3024 597 3075 Formula
611 3045 622 3068 ι
636 3024 723 3075 ultima
735 3024 862 3075 bonorum
873 3047 883 3069 ·
896 3025 1030 3088 scriptoris
1042 3025 1121 3075 menti
1135 3037 1184 3076 non
1196 3032 1368 3076 consentanea

300 3105 410 3175 videtur,
422 3111 582 3177 debeturque
601 3112 775 3163 uerisimiliter
793 3112 895 3163 cuidam
914 3112 1067 3163 scholiasta.
1081 3113 1200 3164 Haerebat
1212 3112 1327 3164 Bremius
1342 3114 1368 3164 in

300 3215 373 3262 pron.
387 3201 448 3263 ino,
461 3200 504 3250 cui
516 3200 626 3263 iladvig.
638 3198 786 3250 satisfacere
793 3208 913 3263 conatur,
921 3213 1012 3252 vereor
1020 3214 1052 3251 ne
1060 3200 1179 3252 subtilius
1190 3214 1266 3266 quam
1274 3202 1369 3251 uerius.

330 3288 411 3352 vl1,5
427 3287 467 3338 au.
482 3286 591 3338 lucisnm
604 3288 693 3338 «sicut
711 3287 771 3337 lacit
781 3306 805 3349 »,
818 3295 876 3351 post
896 3295 1058 3353 «utrumque
1076 3289 1187 3351 pronai»
1201 3295 1369 3351 transponen-

299 3377 360 3426 dum
379 3387 438 3426 esse
454 3386 565 3435 censeo3
579 3374 620 3425 ux
637 3375 707 3426 enim
724 3374 853 3440 intelligas
874 3376 1011 3438 quomodo,
1024 3389 1102 3439 quum
1117 3376 1151 3427 de
1170 3375 1256 3426 verbis
1267 3385 1368 3439 agatur,

297 3463 358 3514 addi
376 3462 473 3525 possit:
487 3463 575 3513 «sicut
593 3461 653 3514 iacit
664 3476 724 3523 rein
739 3476 790 3514 non
808 3463 978 3529 disiungenda
996 3472 1055 3515 sunt
1073 3464 1151 3514 rerba
1170 3464 1262 3521 detuit,
1275 3464 1367 3515 diuidit.

279 3580 281 3584 .
300 3553 361 3604 voc.
384 3565 412 3602 re
430 3551 505 3603 abest
526 3564 541 3601 a
566 3552 694 3615 plerisque
712 3552 787 3603 codd.
801 3581 829 3591 --
844 3552 891 3614 Qui
909 3552 1101 3616 potultGicero,
1116 3559 1249 3616 postquam
1260 3552 1325 3603 dixit
1342 3553 1369 3602 in

301 3642 404 3705 Epicurl
423 3640 488 3691 libro
512 3639 626 3691 breviter
648 3640 848 3703 comprehensas
864 3653 923 3692 esse
939 3641 1103 3705 grauissimas
1114 3641 1266 3703 sententias,
1279 3640 1369 3692 uiuida

298 3727 494 3794 interrogationi
505 3728 621 3779 inutilem
633 3734 660 3779 et
672 3728 784 3791 putidam
798 3731 986 3781 enarrationem
997 3730 1093 3780 addere
1104 3742 1161 3793 quae
1172 3730 1296 3780 orationis
1307 3743 1369 3780 our-

300 3832 356 3869 sum
369 3820 462 3881 tardat,
478 3817 633 3881 lectorisque
652 3818 780 3881 paululum
796 3818 964 3884 intelligentis
979 3818 1058 3869 bilem
1070 3818 1173 3869 movet?
1186 3819 1308 3869 libenter
1319 3819 1368 3881 igi-

299 3914 342 3959 tur
353 3908 489 3969 assentior,
502 3920 553 3959 non
565 3906 648 3957 solum
660 3907 771 3958 Manutio
782 3917 809 3959 et
821 3908 921 3960 navum
933 3909 977 3973 qui
988 3914 1106 3971 suspecta
1119 3909 1214 3958 habent
1226 3908 1318 3958 rerba:
1329 3908 1368 3958 dd

300 4001 340 4045 est
351 3996 424 4058 quasi
435 3996 543 4044 maxime
556 4002 657 4056 ratas»,
670 3995 806 4046 sedetiam
818 3995 1090 4060 Rathioquiexcludit
1106 4007 1137 4045 ea
1153 4009 1210 4059 qum
1228 3996 1314 4046 statim
1329 3995 1369 4045 le-

300 4091 409 4146 guntur:
424 4101 436 4125 ι
448 4083 506 4146 quia
523 4083 681 4146 gravissime
692 4084 744 4134 sint
754 4085 787 4135 ad
800 4084 875 4135 beate
887 4084 1023 4134 vivendum
1036 4083 1150 4133 breviter
1162 4084 1303 4133 enuntiate
1314 4095 1370 4132 sen·

299 4171 387 4222 tenua
395 4192 416 4217 ».
432 4171 533 4222 Fatetur
545 4170 686 4237 Madvigius
698 4174 848 4225 Ciceronem
861 4184 911 4222 non
930 4171 1007 4221 nimis
1019 4171 1150 4235 eleganter
1161 4173 1188 4223 in
1199 4173 1267 4223 idem
1281 4183 1369 4222 rursus

299 4258 422 4309 incidero.
444 4260 520 4309 Tacot
533 4260 655 4310 Baiterus.
669 4288 699 4298 κ-
713 4259 774 4323 §at
787 4260 956 4311 Consentiunt
967 4259 1082 4311 editores
1093 4260 1119 4310 in
1131 4259 1250 4311 addendo
1262 4258 1367 4321 suppte-
