3325 5159
486 993 603 1061 LIBER
627 991 854 1060 strutus-
875 990 1064 1060 sutrtuttts
1090 989 1282 1059 subintuli.

384 1375 424 1432 ill,
437 1376 449 1438 5
460 1376 484 1425 9.
502 1375 555 1425 lloc
567 1375 623 1426 loco
636 1389 643 1423 ε
655 1392 669 1419 α
682 1375 767 1439 itaque
778 1387 915 1439 numquam
927 1388 958 1425 ex
971 1374 1055 1425 animo
1068 1387 1125 1425 mco
1137 1373 1246 1425 discedit
1260 1373 1411 1423 illius........

355 1465 400 1514 uiri
413 1464 534 1514 memoria
547 1483 560 1509 »
573 1464 716 1527 exemplum
729 1463 852 1513 babemus
863 1463 929 1528 conj.
942 1463 1033 1527 ilopuc,
1048 1477 1094 1526 pro
1113 1483 1126 1507 ι
1139 1463 1210 1513 etita
1226 1484 1236 1505 ν
1255 1462 1355 1525 positae‚
1368 1462 1412 1526 uui

352 1566 414 1602 usus
424 1566 612 1617 nonnumquam
624 1553 726 1603 criticos
737 1552 811 1617 fugit.
828 1551 900 1603 conl.
914 1553 947 1604 de
959 1553 1039 1617 Legg.
1053 1552 1082 1615 ll,
1096 1551 1152 1617 §Q
1171 1553 1203 1604 de
1216 1550 1285 1601 utic.
1300 1550 1332 1612 ll,
1345 1548 1360 1614 s
1371 1549 1411 1599 69.

351 1640 461 1690 Orellius
471 1641 560 1691 scribit
570 1642 612 1699 ltu,
628 1648 654 1690 ut
666 1641 746 1691 lilotz.
759 1647 785 1691 ct
798 1640 913 1704 plerique
923 1640 1044 1691 editores.

383 1730 414 1791 ll,
428 1729 441 1793 ᾗ
455 1731 492 1779 tu.
510 1730 599 1780 Omisit
611 1730 722 1780 llalrnins
733 1730 782 1793 adi.
796 1729 968 1792 sacramanto
983 1751 992 1774 a
1006 1731 1039 1780 de
1052 1730 1090 1779 ria
1104 1751 1125 1793 ι,
1137 1729 1205 1793 quod
1217 1729 1277 1780 dant
1287 1728 1412 1789 editores,

353 1820 426 1869 abest
437 1832 498 1870 vcro
510 1833 524 1869 a
536 1820 610 1871 codd.
624 1818 717 1869 Conlcr
730 1825 812 1869 tamen
825 1819 902 1869 acad.
917 1826 982 1882 post.
996 1819 1015 1880 l,
1028 1819 1040 1881 t
1052 1820 1075 1868 l.

384 1910 438 1971 llll,
451 1909 465 1972 §
479 1910 515 1958 12.
534 1909 706 1959 omittendum
718 1921 776 1958 esse
787 1908 879 1972 opinor
891 1922 946 1958 roc.
959 1909 1044 1967 animi,
1058 1908 1240 1971 collegendum
1248 1920 1321 1958 csse:
1335 1908 1415 1957 rani-

354 1997 398 2059 mi,
414 1997 519 2059 ingenii,
531 1997 631 2046 consilli
644 1998 679 2045 tul
695 2016 715 2043 ι.
728 2023 758 2032 -
770 1996 875 2059 Legitur
887 1997 911 2045 ln
924 1996 998 2046 codd.
1019 2018 1029 2039 ι
1043 2002 1069 2045 et
1080 2008 1167 2059 parurn
1180 1996 1257 2045 rebus
1269 1996 1355 2045 audite
1367 2008 1414 2045 ce-

354 2092 407 2135 tcra
417 2105 438 2142 ι,
447 2085 515 2134 trude
527 2085 568 2133 lan
580 2083 683 2145 conjicit
695 2100 702 2133 :
718 2107 727 2127 ι
742 2091 768 2134 et
779 2098 913 2149 parumper
924 2084 976 2134 cius
987 2085 1044 2134 aud.
1058 2090 1109 2134 cet.
1121 2106 1130 2127 ι
1141 2100 1148 2144 ;
1161 2084 1284 2135 chsuer.
1298 2102 1311 2129 α
1321 2091 1347 2133 ct
1355 2097 1414 2147 par·

353 2173 403 2223 cite
412 2172 497 2223 verbis
508 2187 535 2233 ις
549 2172 629 2223 edidit
641 2173 768 2223 Halmius:
779 2195 789 2216 ι
804 2180 830 2223 ct
842 2185 977 2236 parumper
988 2174 1073 2225 audite
1085 2180 1171 2223 cetera
1186 2194 1207 2232 ·‚
1219 2173 1286 2237 quod
1298 2172 1413 2223 nondum

353 2264 485 2314 satisfacit.
1361 2325 1362 2329 Ἰ

383 2353 435 2412 xv,
448 2354 460 2416 ς
471 2354 508 2402 15.
527 2352 617 2403 Merito
628 2352 732 2404 seclusit
743 2349 856 2403 Halmius
866 2352 917 2417 adi.
930 2352 1064 2402 bumonum
1076 2359 1133 2416 post
1143 2366 1241 2411 munuc,
1250 2352 1415 2415 quodomisit

354 2442 507 2492 Macrobius.

383 2532 447 2593 xvi,
458 2532 469 2593 ἓ
482 2531 520 2581 ld.
538 2531 678 2580 Membrum
692 2546 698 2579 :
713 2551 723 2574 «
737 2543 813 2594 quem
827 2543 871 2580 ros
883 2537 912 2580 ut
922 2543 936 2579 a
948 2529 1042 2579 Graccis
1053 2529 1196 2593 accepistis,
1206 2529 1294 2580 orbem
1301 2528 1413 2580 lacteum

353 2620 502 2682 nuncupatis
516 2641 525 2662 ι
539 2620 621 2670 inore
638 2619 716 2680 Pauli,
734 2619 834 2683 opinor,
854 2620 998 2681 ponendum
1018 2627 1066 2680 est,
1088 2626 1114 2668 et
1133 2618 1335 2668 transferendum
1354 2625 1413 2681 post

353 2709 429 2758 uerba
443 2724 450 2756 :
465 2729 475 2750 ι
489 2707 601 2758 incolunt
618 2708 700 2757 locum
712 2726 733 2763 ι,
746 2707 841 2757 omisso
860 2707 940 2756 inciso
954 2728 964 2750 «
978 2720 1053 2770 quem
1070 2706 1141 2757 uides
1154 2726 1176 2768 u,
1190 2706 1257 2770 quod
1276 2712 1359 2757 ortum
1380 2719 1411 2756 ex

353 2796 515 2847 translatione
532 2807 715 2858 supervacuum
729 2794 836 2845 videtur.
854 2795 895 2845 Sic
908 2808 982 2858 supra
995 2795 1008 2856 ᾖ
1021 2796 1050 2844 15
1066 2794 1177 2858 legitur:
1193 2816 1203 2838 «
1217 2808 1272 2859 quae
1289 2795 1373 2846 sidera
1386 2803 1412 2845 et

351 2886 438 2937 stellas
450 2885 574 2935 uocatis».
589 2884 729 2935 Membrum
742 2897 819 2934 vero:
835 2905 845 2927 ι
859 2892 914 2934 erat
930 2890 1015 2934 autem
1034 2885 1055 2933 is
1058 2920 1125 2935 .......
1144 2884 1228 2935 circus
1243 2884 1371 2935 elucens»
1385 2884 1411 2934 in

353 2988 397 3025 ore
410 2975 554 3038 ponendum
567 2981 607 3024 est
618 2973 753 3036 Scipionis,
765 2974 833 3037 qnod
845 2973 910 3023 bene
924 2974 1033 3024 ncctltur
1044 2986 1101 3023 curn
1113 2973 1145 3023 iis
1156 2986 1212 3037 quae
1223 2972 1409 3035 subjiciuntur:

354 3085 364 3107 ι
378 3077 408 3113 ex
422 3063 577 3126 quaomnia,
592 3069 642 3113 cte.
657 3081 677 3110 ι,

380 3153 444 3214 lllll,
457 3153 468 3215 5
479 3152 519 3202 20.
537 3151 695 3214 Adjcctirum
707 3151 815 3215 obliquos
826 3151 952 3214 glossema
965 3158 1003 3202 est
1015 3151 1140 3215 participii
1157 3156 1315 3211 transuersos,
1336 3150 1410 3214 cujus

349 3241 433 3292 locum
447 3240 576 3303 usurparit
587 3254 594 3302 ;
604 3240 741 3303 legendum
753 3239 863 3290 subinde
877 3255 883 3288 :
899 3260 908 3283 α
924 3240 1013 3303 partim
1025 3253 1138 3299 auersos,
1158 3241 1249 3304 partim
1268 3241 1344 3291 etiarn
1363 3241 1410 3292 ad-

353 3339 441 3376 uersos
455 3346 477 3389 ι,
490 3338 545 3389 quae
556 3325 622 3375 bene
635 3323 790 3387 respondent
802 3325 892 3389 graccis
908 3323 1035 3399 πλαγίους,
1052 3324 1285 3400 ἀντιστραμμένὸυς,
1302 3325 1409 3379 briaco

352 3414 447 3488 μένους.
611 3421 613 3423 ’

384 3500 470 3563 lllllll,
483 3499 497 3563 Β
508 3499 547 3549 ib.
566 3499 660 3550 beessc
669 3498 769 3549 ridetur
781 3510 874 3549 nuncu
886 3499 918 3549 ad
929 3499 995 3562 quod
1010 3498 1133 3549 referatur
1141 3500 1224 3549 omrrlo
1233 3499 1408 3551 insentcntia:

353 3610 366 3636 r
380 3590 404 3640 in
417 3603 467 3654 quo
479 3589 563 3640 omnia
575 3596 634 3638 sunt
645 3588 742 3652 magnis
754 3596 779 3638 et
790 3588 969 3651 praestantibus
980 3588 1041 3637 uiris
1054 3602 1083 3651 »3
1097 3588 1158 3638 milri
1170 3588 1270 3639 uidetur
1283 3590 1409 3640 excidisse

352 3678 500 3736 commuuio,
513 3685 572 3727 ante
584 3677 676 3727 omnio.
1339 3701 1341 3708 ›

384 3762 457 3822 xxv,
470 3763 481 3824 ξ
492 3762 532 3811 at.
547 3761 653 3825 'Legitur
664 3762 730 3825 apud
747 3761 886 3823 Platonem,
904 3762 1003 3813 Pbaedr.
1021 3775 1049 3825 p.
1066 3762 1132 3813 its:
1152 3767 1235 3815 πᾶσαν
1248 3769 1294 3835 piu
1307 3781 1409 3838 συμπε-

353 3855 445 3905 concon
459 3857 554 3916 στῆναι,
567 3864 602 3901 -cx
614 3850 671 3902 aliis
688 3851 763 3902 codd.
784 3864 829 3913 pro
848 3856 893 3923 γῆν
907 3851 1027 3901 scribitur
1044 3850 1146 3924 piccuto,
1163 3853 1230 3903 uude
1248 3859 1336 3903 nostro
1354 3854 1410 3904 loco

353 3937 488 4001 legendum
502 3951 508 3984 ε
523 3957 534 3981 ι
548 3936 587 3986 uel
600 3937 717 3987 concidat
729 3950 804 3987 ornne
816 3937 908 3986 coelum
921 3939 1052 4002 omnisque
1064 3941 1155 3987 natura
1166 3938 1297 3987 consistat.
1310 3966 1341 3975 -
1357 3938 1409 3990 Vos

353 4022 447 4093 ἀναγκὴ
460 4029 545 4072 curtem
557 4022 631 4072 deest
641 4022 667 4070 in
679 4021 791 4080 Platone,
804 4034 866 4084 ergo
874 4022 965 4073 abesse
975 4030 1058 4085 potest
1071 4042 1080 4065 ι
1091 4034 1196 4072 necesse
1204 4028 1274 4085 est-l,
1287 4030 1409 4085 postcon-

352 4105 429 4164 cirtot,
442 4106 486 4156 ubi
497 4120 547 4157 non
560 4106 730 4157 necessarium
744 4106 854 4156 videtur.
