<?xml version="1.0" encoding="UTF-8"?>
<!DOCTYPE html PUBLIC "-//W3C//DTD XHTML 1.0 Transitional//EN"
    "http://www.w3.org/TR/xhtml1/DTD/xhtml1-transitional.dtd">
<html xmlns="http://www.w3.org/1999/xhtml" xml:lang="en" lang="en">
 <head>
  <title>
</title>
<meta http-equiv="Content-Type" content="text/html;charset=utf-8" />
  <meta name='ocr-system' content='tesseract 3.04.00' />
  <meta name='ocr-capabilities' content='ocr_page ocr_carea ocr_par ocr_line ocrx_word'/>
</head>
<body>
  <div class='ocr_page' id='page_1' title='image "./inciceronislibr00vaucgoog_0029.png"; bbox 0 0 3325 5159; ppageno 0'>
   <div class='ocr_carea' id='block_1_1' title="bbox 577 555 1122 627">
    <p class='ocr_par' dir='ltr' id='par_1_1' title="bbox 577 555 1122 627">
     <span class='ocr_line' id='line_1_1' title="bbox 577 555 1122 627; baseline 0.002 -15"><span class='ocrx_word' id='word_1_1' title='bbox 577 555 618 613; x_wconf 73' lang='grc' dir='ltr'><strong>ΒΕ</strong></span> <span class='ocrx_word' id='word_1_2' title='bbox 634 570 747 614; x_wconf 82' lang='lat' dir='ltr'><strong>rvurnus</strong></span> <span class='ocrx_word' id='word_1_3' title='bbox 762 570 900 614; x_wconf 84' lang='lat' dir='ltr'><strong>oouonun</strong></span> <span class='ocrx_word' id='word_1_4' title='bbox 916 559 950 626; x_wconf 90' lang='lat' dir='ltr'><strong>ll,</strong></span> <span class='ocrx_word' id='word_1_5' title='bbox 966 571 1028 627; x_wconf 80' lang='grc' dir='ltr'>ι-ιν,</span> <span class='ocrx_word' id='word_1_6' title='bbox 1049 558 1122 613; x_wconf 81' lang='lat' dir='ltr'><strong>r-ta.</strong></span> 
     </span>
    </p>
   </div>
   <div class='ocr_carea' id='block_1_2' title="bbox 679 922 1027 993">
    <p class='ocr_par' dir='ltr' id='par_1_2' title="bbox 679 922 1027 993">
     <span class='ocr_line' id='line_1_2' title="bbox 679 922 1027 993; baseline 0.006 -4"><span class='ocrx_word' id='word_1_7' title='bbox 679 923 794 991; x_wconf 78' lang='lat' dir='ltr'><strong>tiata</strong></span> <span class='ocrx_word' id='word_1_8' title='bbox 821 922 1027 993; x_wconf 85' lang='lat' dir='ltr'>SECUNDUS</span> 
     </span>
    </p>
   </div>
   <div class='ocr_carea' id='block_1_3' title="bbox 801 1122 908 1133">
    <p class='ocr_par' dir='ltr' id='par_1_3' title="bbox 801 1122 908 1133">
     <span class='ocr_line' id='line_1_3' title="bbox 801 1122 908 1133; baseline -0.009 -1"><span class='ocrx_word' id='word_1_9' title='bbox 801 1122 908 1133; x_wconf 64' lang='lat' dir='ltr'>...n-..-</span> 
     </span>
    </p>
   </div>
   <div class='ocr_carea' id='block_1_4' title="bbox 248 1298 1383 4379">
    <p class='ocr_par' dir='ltr' id='par_1_4' title="bbox 308 1298 1383 2252">
     <span class='ocr_line' id='line_1_4' title="bbox 346 1298 1383 1365; baseline -0.005 -15"><span class='ocrx_word' id='word_1_10' title='bbox 346 1302 367 1362; x_wconf 90' lang='grc'><strong>1,</strong></span> <span class='ocrx_word' id='word_1_11' title='bbox 391 1301 406 1365; x_wconf 73' lang='lat'><strong>5</strong></span> <span class='ocrx_word' id='word_1_12' title='bbox 422 1304 445 1351; x_wconf 91' lang='lat' dir='ltr'><strong>l.</strong></span> <span class='ocrx_word' id='word_1_13' title='bbox 476 1302 625 1363; x_wconf 86' lang='lat' dir='ltr'><strong>Suspectum</strong></span> <span class='ocrx_word' id='word_1_14' title='bbox 655 1302 747 1351; x_wconf 89' lang='lat' dir='ltr'><strong>merito</strong></span> <span class='ocrx_word' id='word_1_15' title='bbox 771 1301 820 1351; x_wconf 88' lang='lat' dir='ltr'><strong>luit</strong></span> <span class='ocrx_word' id='word_1_16' title='bbox 842 1302 942 1351; x_wconf 85' lang='lat' dir='ltr'><strong>llremio</strong></span> <span class='ocrx_word' id='word_1_17' title='bbox 970 1300 1113 1350; x_wconf 82' lang='lat' dir='ltr'><strong>membrum</strong></span> <span class='ocrx_word' id='word_1_18' title='bbox 1126 1315 1132 1346; x_wconf 91' lang='lat'><strong>:</strong></span> <span class='ocrx_word' id='word_1_19' title='bbox 1155 1317 1168 1343; x_wconf 75' lang='lat' dir='ltr'><strong>u</strong></span> <span class='ocrx_word' id='word_1_20' title='bbox 1180 1298 1205 1349; x_wconf 93' lang='lat' dir='ltr'><strong>ld</strong></span> <span class='ocrx_word' id='word_1_21' title='bbox 1231 1306 1271 1348; x_wconf 87' lang='lat' dir='ltr'><strong>cst</strong></span> <span class='ocrx_word' id='word_1_22' title='bbox 1292 1298 1383 1347; x_wconf 84' lang='lat' dir='ltr'><strong>iubere</strong></span> 
     </span>
     <span class='ocr_line' id='line_1_5' title="bbox 313 1386 1382 1452; baseline -0.004 -13"><span class='ocrx_word' id='word_1_23' title='bbox 313 1390 400 1440; x_wconf 88' lang='lat' dir='ltr'><strong>dicere</strong></span> <span class='ocrx_word' id='word_1_24' title='bbox 412 1402 460 1452; x_wconf 85' lang='lat' dir='ltr'><strong>qua</strong></span> <span class='ocrx_word' id='word_1_25' title='bbox 473 1390 505 1439; x_wconf 90' lang='lat' dir='ltr'><strong>de</strong></span> <span class='ocrx_word' id='word_1_26' title='bbox 517 1389 615 1451; x_wconf 83' lang='lat' dir='ltr'><strong>nequis</strong></span> <span class='ocrx_word' id='word_1_27' title='bbox 628 1388 838 1450; x_wconf 68' lang='lat' dir='ltr'><strong>adiciendae»,</strong></span> <span class='ocrx_word' id='word_1_28' title='bbox 851 1390 909 1452; x_wconf 88' lang='lat' dir='ltr'><strong>quin</strong></span> <span class='ocrx_word' id='word_1_29' title='bbox 927 1402 977 1438; x_wconf 91' lang='lat' dir='ltr'><strong>non</strong></span> <span class='ocrx_word' id='word_1_30' title='bbox 990 1401 1054 1451; x_wconf 91' lang='lat' dir='ltr'><strong>opus</strong></span> <span class='ocrx_word' id='word_1_31' title='bbox 1065 1395 1120 1439; x_wconf 86' lang='lat' dir='ltr'><strong>erat</strong></span> <span class='ocrx_word' id='word_1_32' title='bbox 1132 1388 1185 1438; x_wconf 84' lang='lat' dir='ltr'><strong>lraec</strong></span> <span class='ocrx_word' id='word_1_33' title='bbox 1194 1386 1323 1437; x_wconf 80' lang='lat' dir='ltr'>Ciceronis</span> <span class='ocrx_word' id='word_1_34' title='bbox 1334 1400 1382 1435; x_wconf 88' lang='lat' dir='ltr'><strong>au-</strong></span> 
     </span>
     <span class='ocr_line' id='line_1_6' title="bbox 312 1475 1381 1541; baseline -0.005 -13"><span class='ocrx_word' id='word_1_35' title='bbox 312 1478 440 1529; x_wconf 89' lang='lat' dir='ltr'><strong>ditoribus</strong></span> <span class='ocrx_word' id='word_1_36' title='bbox 451 1477 583 1540; x_wconf 79' lang='lat' dir='ltr'><strong>explicari.</strong></span> <span class='ocrx_word' id='word_1_37' title='bbox 602 1477 628 1527; x_wconf 91' lang='lat' dir='ltr'><strong>ld</strong></span> <span class='ocrx_word' id='word_1_38' title='bbox 642 1490 702 1528; x_wconf 85' lang='lat' dir='ltr'><strong>vero</strong></span> <span class='ocrx_word' id='word_1_39' title='bbox 715 1485 800 1530; x_wconf 87' lang='lat' dir='ltr'><strong>tuetvtr</strong></span> <span class='ocrx_word' id='word_1_40' title='bbox 812 1478 965 1541; x_wconf 62' lang='lat' dir='ltr'><strong>Madvigius</strong></span> <span class='ocrx_word' id='word_1_41' title='bbox 977 1485 1005 1527; x_wconf 85' lang='lat' dir='ltr'><strong>ut</strong></span> <span class='ocrx_word' id='word_1_42' title='bbox 1016 1477 1081 1528; x_wconf 88' lang='lat' dir='ltr'><strong>alios</strong></span> <span class='ocrx_word' id='word_1_43' title='bbox 1093 1476 1166 1526; x_wconf 90' lang='lat' dir='ltr'><strong>istius</strong></span> <span class='ocrx_word' id='word_1_44' title='bbox 1178 1476 1247 1526; x_wconf 90' lang='lat' dir='ltr'><strong>modi</strong></span> <span class='ocrx_word' id='word_1_45' title='bbox 1259 1487 1343 1524; x_wconf 83' lang='lat' dir='ltr'><strong>naevos</strong></span> <span class='ocrx_word' id='word_1_46' title='bbox 1356 1475 1381 1523; x_wconf 88' lang='lat' dir='ltr'><strong>io</strong></span> 
     </span>
     <span class='ocr_line' id='line_1_7' title="bbox 312 1561 1380 1629; baseline -0.004 -15"><span class='ocrx_word' id='word_1_47' title='bbox 312 1565 406 1627; x_wconf 86' lang='lat' dir='ltr'><strong>qrribus</strong></span> <span class='ocrx_word' id='word_1_48' title='bbox 422 1564 555 1615; x_wconf 78' lang='lat' dir='ltr'><strong>offendunt</strong></span> <span class='ocrx_word' id='word_1_49' title='bbox 573 1565 666 1627; x_wconf 89' lang='lat' dir='ltr'><strong>critici,</strong></span> <span class='ocrx_word' id='word_1_50' title='bbox 689 1572 715 1615; x_wconf 95' lang='lat' dir='ltr'><strong>et</strong></span> <span class='ocrx_word' id='word_1_51' title='bbox 735 1579 800 1629; x_wconf 89' lang='lat' dir='ltr'><strong>quos</strong></span> <span class='ocrx_word' id='word_1_52' title='bbox 812 1565 850 1628; x_wconf 85' lang='lat' dir='ltr'><strong>vir</strong></span> <span class='ocrx_word' id='word_1_53' title='bbox 861 1566 953 1615; x_wconf 91' lang='lat' dir='ltr'><strong>doctus</strong></span> <span class='ocrx_word' id='word_1_54' title='bbox 964 1564 1097 1627; x_wconf 88' lang='lat' dir='ltr'><strong>scriptoris</strong></span> <span class='ocrx_word' id='word_1_55' title='bbox 1108 1563 1270 1627; x_wconf 68' lang='lat' dir='ltr'>negligentiae</span> <span class='ocrx_word' id='word_1_56' title='bbox 1282 1561 1380 1612; x_wconf 90' lang='lat' dir='ltr'><strong>tribuit.</strong></span> 
     </span>
     <span class='ocr_line' id='line_1_8' title="bbox 312 1652 1380 1717; baseline -0.003 -14"><span class='ocrx_word' id='word_1_57' title='bbox 312 1652 437 1717; x_wconf 75' lang='lat' dir='ltr'><strong>Equidem</strong></span> <span class='ocrx_word' id='word_1_58' title='bbox 449 1654 474 1703; x_wconf 89' lang='lat' dir='ltr'><strong>in</strong></span> <span class='ocrx_word' id='word_1_59' title='bbox 487 1667 518 1703; x_wconf 85' lang='lat' dir='ltr'><strong>co</strong></span> <span class='ocrx_word' id='word_1_60' title='bbox 531 1654 652 1704; x_wconf 87' lang='lat' dir='ltr'><strong>libentius</strong></span> <span class='ocrx_word' id='word_1_61' title='bbox 661 1654 759 1703; x_wconf 88' lang='lat' dir='ltr'><strong>videam</strong></span> <span class='ocrx_word' id='word_1_62' title='bbox 772 1652 906 1715; x_wconf 78' lang='lat' dir='ltr'><strong>cuiusdam</strong></span> <span class='ocrx_word' id='word_1_63' title='bbox 917 1653 1088 1716; x_wconf 79' lang='lat' dir='ltr'><strong>ludimagistri</strong></span> <span class='ocrx_word' id='word_1_64' title='bbox 1103 1665 1214 1702; x_wconf 88' lang='lat' dir='ltr'><strong>manum.</strong></span> <span class='ocrx_word' id='word_1_65' title='bbox 1223 1677 1252 1687; x_wconf 89' lang='lat'><em>-</em></span> <span class='ocrx_word' id='word_1_66' title='bbox 1261 1652 1304 1713; x_wconf 68' lang='lat' dir='ltr'><strong>§b</strong></span> <span class='ocrx_word' id='word_1_67' title='bbox 1317 1652 1380 1713; x_wconf 88' lang='lat' dir='ltr'><strong>Spu·</strong></span> 
     </span>
     <span class='ocr_line' id='line_1_9' title="bbox 312 1739 1380 1804; baseline 0 -15"><span class='ocrx_word' id='word_1_68' title='bbox 312 1742 348 1790; x_wconf 83' lang='lat' dir='ltr'><strong>ria</strong></span> <span class='ocrx_word' id='word_1_69' title='bbox 368 1742 429 1791; x_wconf 90' lang='lat' dir='ltr'><strong>mibi</strong></span> <span class='ocrx_word' id='word_1_70' title='bbox 443 1741 560 1793; x_wconf 90' lang='lat' dir='ltr'><strong>videntur</strong></span> <span class='ocrx_word' id='word_1_71' title='bbox 578 1742 674 1791; x_wconf 86' lang='lat' dir='ltr'><strong>verba:</strong></span> <span class='ocrx_word' id='word_1_72' title='bbox 692 1759 705 1785; x_wconf 74' lang='lat' dir='ltr'><strong>a</strong></span> <span class='ocrx_word' id='word_1_73' title='bbox 715 1755 745 1792; x_wconf 81' lang='lat' dir='ltr'><strong>ex</strong></span> <span class='ocrx_word' id='word_1_74' title='bbox 760 1742 838 1792; x_wconf 91' lang='lat' dir='ltr'><strong>rebus</strong></span> <span class='ocrx_word' id='word_1_75' title='bbox 849 1742 1012 1800; x_wconf 88' lang='lat' dir='ltr'><strong>concessis»,</strong></span> <span class='ocrx_word' id='word_1_76' title='bbox 1024 1741 1050 1791; x_wconf 91' lang='lat' dir='ltr'><strong>in</strong></span> <span class='ocrx_word' id='word_1_77' title='bbox 1063 1741 1156 1804; x_wconf 88' lang='lat' dir='ltr'><strong>quibus</strong></span> <span class='ocrx_word' id='word_1_78' title='bbox 1168 1739 1322 1789; x_wconf 88' lang='lat' dir='ltr'><strong>dissentiunt</strong></span> <span class='ocrx_word' id='word_1_79' title='bbox 1333 1752 1380 1789; x_wconf 89' lang='lat' dir='ltr'><strong>co·</strong></span> 
     </span>
     <span class='ocr_line' id='line_1_10' title="bbox 308 1826 1377 1894; baseline -0.003 -15"><span class='ocrx_word' id='word_1_80' title='bbox 308 1829 395 1889; x_wconf 88' lang='lat' dir='ltr'><strong>dices;</strong></span> <span class='ocrx_word' id='word_1_81' title='bbox 406 1844 463 1893; x_wconf 73' lang='lat' dir='ltr'><strong>quae</strong></span> <span class='ocrx_word' id='word_1_82' title='bbox 478 1831 501 1881; x_wconf 89' lang='lat' dir='ltr'><strong>si</strong></span> <span class='ocrx_word' id='word_1_83' title='bbox 511 1844 617 1891; x_wconf 85' lang='lat' dir='ltr'><strong>serres,</strong></span> <span class='ocrx_word' id='word_1_84' title='bbox 630 1831 714 1881; x_wconf 88' lang='lat' dir='ltr'><strong>deerit</strong></span> <span class='ocrx_word' id='word_1_85' title='bbox 725 1831 794 1894; x_wconf 91' lang='lat' dir='ltr'><strong>quod</strong></span> <span class='ocrx_word' id='word_1_86' title='bbox 807 1831 961 1893; x_wconf 88' lang='lat' dir='ltr'><strong>respondeat</strong></span> <span class='ocrx_word' id='word_1_87' title='bbox 972 1829 1047 1880; x_wconf 86' lang='lat' dir='ltr'><strong>alteri</strong></span> <span class='ocrx_word' id='word_1_88' title='bbox 1060 1829 1140 1878; x_wconf 89' lang='lat' dir='ltr'><strong>inciso</strong></span> <span class='ocrx_word' id='word_1_89' title='bbox 1158 1828 1238 1893; x_wconf 76' lang='lat' dir='ltr'><strong>«quid</strong></span> <span class='ocrx_word' id='word_1_90' title='bbox 1252 1826 1347 1877; x_wconf 88' lang='lat' dir='ltr'><strong>abnuat</strong></span> <span class='ocrx_word' id='word_1_91' title='bbox 1356 1846 1377 1876; x_wconf 72' lang='lat' dir='ltr'><strong>u.</strong></span> 
     </span>
     <span class='ocr_line' id='line_1_11' title="bbox 310 1914 1377 1983; baseline -0.004 -15"><span class='ocrx_word' id='word_1_92' title='bbox 310 1944 341 1955; x_wconf 88' lang='lat'>-</span> <span class='ocrx_word' id='word_1_93' title='bbox 352 1919 470 1970; x_wconf 85' lang='lat' dir='ltr'><strong>Omittam</strong></span> <span class='ocrx_word' id='word_1_94' title='bbox 482 1933 539 1970; x_wconf 88' lang='lat' dir='ltr'><strong>cum</strong></span> <span class='ocrx_word' id='word_1_95' title='bbox 553 1920 653 1970; x_wconf 88' lang='lat' dir='ltr'><strong>llavisio</strong></span> <span class='ocrx_word' id='word_1_96' title='bbox 665 1920 759 1970; x_wconf 88' lang='lat' dir='ltr'><strong>verbu:</strong></span> <span class='ocrx_word' id='word_1_97' title='bbox 773 1938 785 1964; x_wconf 73' lang='lat' dir='ltr'><strong>a</strong></span> <span class='ocrx_word' id='word_1_98' title='bbox 798 1920 823 1970; x_wconf 92' lang='lat' dir='ltr'><strong>in</strong></span> <span class='ocrx_word' id='word_1_99' title='bbox 837 1919 975 1983; x_wconf 86' lang='lat' dir='ltr'><strong>quaerendo</strong></span> <span class='ocrx_word' id='word_1_100' title='bbox 985 1938 1008 1982; x_wconf 80' lang='lat' dir='ltr'><strong>r,</strong></span> <span class='ocrx_word' id='word_1_101' title='bbox 1017 1930 1073 1982; x_wconf 72' lang='lat' dir='ltr'><strong>quar</strong></span> <span class='ocrx_word' id='word_1_102' title='bbox 1085 1917 1190 1967; x_wconf 91' lang='lat' dir='ltr'><strong>minime</strong></span> <span class='ocrx_word' id='word_1_103' title='bbox 1202 1914 1377 1980; x_wconf 87' lang='lat' dir='ltr'><strong>requiruntur,</strong></span> 
     </span>
     <span class='ocr_line' id='line_1_12' title="bbox 310 2006 1377 2073; baseline -0.004 -16"><span class='ocrx_word' id='word_1_104' title='bbox 310 2021 358 2059; x_wconf 86' lang='lat' dir='ltr'><strong>nec</strong></span> <span class='ocrx_word' id='word_1_105' title='bbox 376 2009 443 2059; x_wconf 86' lang='lat' dir='ltr'><strong>bene</strong></span> <span class='ocrx_word' id='word_1_106' title='bbox 462 2009 539 2059; x_wconf 88' lang='lat' dir='ltr'><strong>latine</strong></span> <span class='ocrx_word' id='word_1_107' title='bbox 558 2017 650 2061; x_wconf 91' lang='lat' dir='ltr'><strong>sonant</strong></span> <span class='ocrx_word' id='word_1_108' title='bbox 666 2024 743 2073; x_wconf 80' lang='lat' dir='ltr'><strong>qurum</strong></span> <span class='ocrx_word' id='word_1_109' title='bbox 762 2010 830 2060; x_wconf 83' lang='lat' dir='ltr'><strong>desit</strong></span> <span class='ocrx_word' id='word_1_110' title='bbox 843 2009 1024 2071; x_wconf 83' lang='lat' dir='ltr'><strong>objectum-</strong></span> <span class='ocrx_word' id='word_1_111' title='bbox 1037 2006 1250 2073; x_wconf 81' lang='lat' dir='ltr'><strong>legeremalim:</strong></span> <span class='ocrx_word' id='word_1_112' title='bbox 1264 2025 1276 2049; x_wconf 73' lang='grc' dir='ltr'><strong>ε</strong></span> <span class='ocrx_word' id='word_1_113' title='bbox 1289 2018 1319 2056; x_wconf 91' lang='lat' dir='ltr'><strong>ea</strong></span> <span class='ocrx_word' id='word_1_114' title='bbox 1335 2018 1377 2054; x_wconf 90' lang='lat' dir='ltr'><strong>res</strong></span> 
     </span>
     <span class='ocr_line' id='line_1_13' title="bbox 309 2096 1378 2164; baseline -0.002 -17"><span class='ocrx_word' id='word_1_115' title='bbox 309 2102 423 2160; x_wconf 71' lang='lat' dir='ltr'><strong>opiturr.</strong></span> <span class='ocrx_word' id='word_1_116' title='bbox 440 2100 565 2149; x_wconf 63' lang='lat' dir='ltr'><strong>Caeterum</strong></span> <span class='ocrx_word' id='word_1_117' title='bbox 585 2107 666 2151; x_wconf 88' lang='lat' dir='ltr'><strong>totum</strong></span> <span class='ocrx_word' id='word_1_118' title='bbox 686 2100 845 2150; x_wconf 81' lang='lat' dir='ltr'><strong>membrum:</strong></span> <span class='ocrx_word' id='word_1_119' title='bbox 859 2119 871 2145; x_wconf 77' lang='lat' dir='ltr'><strong>a</strong></span> <span class='ocrx_word' id='word_1_120' title='bbox 885 2108 914 2152; x_wconf 91' lang='lat' dir='ltr'><strong>ut</strong></span> <span class='ocrx_word' id='word_1_121' title='bbox 933 2100 1085 2164; x_wconf 83' lang='lat' dir='ltr'><strong>utribusdam</strong></span> <span class='ocrx_word' id='word_1_122' title='bbox 1104 2099 1130 2148; x_wconf 93' lang='lat' dir='ltr'><strong>in</strong></span> <span class='ocrx_word' id='word_1_123' title='bbox 1147 2096 1279 2150; x_wconf 84' lang='lat' dir='ltr'><strong>iormulis:</strong></span> <span class='ocrx_word' id='word_1_124' title='bbox 1292 2108 1322 2146; x_wconf 91' lang='lat' dir='ltr'><strong>ea</strong></span> <span class='ocrx_word' id='word_1_125' title='bbox 1335 2109 1378 2146; x_wconf 89' lang='lat' dir='ltr'><strong>res</strong></span> 
     </span>
     <span class='ocr_line' id='line_1_14' title="bbox 308 2187 1068 2252; baseline 0.001 -17"><span class='ocrx_word' id='word_1_126' title='bbox 308 2187 393 2250; x_wconf 81' lang='lat' dir='ltr'><strong>agitur</strong></span> <span class='ocrx_word' id='word_1_127' title='bbox 401 2206 415 2233; x_wconf 78' lang='lat' dir='ltr'><strong>a</strong></span> <span class='ocrx_word' id='word_1_128' title='bbox 426 2189 585 2239; x_wconf 85' lang='lat' dir='ltr'><strong>commodius</strong></span> <span class='ocrx_word' id='word_1_129' title='bbox 596 2189 725 2252; x_wconf 82' lang='lat' dir='ltr'><strong>legeretur</strong></span> <span class='ocrx_word' id='word_1_130' title='bbox 738 2197 796 2251; x_wconf 89' lang='lat' dir='ltr'><strong>post</strong></span> <span class='ocrx_word' id='word_1_131' title='bbox 807 2188 912 2239; x_wconf 88' lang='lat' dir='ltr'><strong>verbum</strong></span> <span class='ocrx_word' id='word_1_132' title='bbox 925 2190 1068 2238; x_wconf 70' lang='lat' dir='ltr'><strong>disseratur.</strong></span> 
     </span>
    </p>

    <p class='ocr_par' dir='ltr' id='par_1_5' title="bbox 304 2272 1377 2694">
     <span class='ocr_line' id='line_1_15' title="bbox 340 2272 1377 2340; baseline -0.002 -17"><span class='ocrx_word' id='word_1_133' title='bbox 340 2275 372 2337; x_wconf 87' lang='lat' dir='ltr'><strong>li,</strong></span> <span class='ocrx_word' id='word_1_134' title='bbox 384 2276 396 2338; x_wconf 73' lang='lat'><strong>5</strong></span> <span class='ocrx_word' id='word_1_135' title='bbox 407 2276 430 2325; x_wconf 84' lang='lat'><strong>5.</strong></span> <span class='ocrx_word' id='word_1_136' title='bbox 445 2276 538 2340; x_wconf 79' lang='lat' dir='ltr'><strong>Legam</strong></span> <span class='ocrx_word' id='word_1_137' title='bbox 551 2289 608 2327; x_wconf 88' lang='lat' dir='ltr'><strong>cum</strong></span> <span class='ocrx_word' id='word_1_138' title='bbox 621 2277 723 2328; x_wconf 86' lang='lat' dir='ltr'><strong>Darisio</strong></span> <span class='ocrx_word' id='word_1_139' title='bbox 735 2285 762 2328; x_wconf 91' lang='lat' dir='ltr'><strong>et</strong></span> <span class='ocrx_word' id='word_1_140' title='bbox 774 2274 910 2329; x_wconf 83' lang='lat' dir='ltr'><strong>Ernestio:</strong></span> <span class='ocrx_word' id='word_1_141' title='bbox 924 2291 1013 2328; x_wconf 83' lang='lat' dir='ltr'><strong>unuoc</strong></span> <span class='ocrx_word' id='word_1_142' title='bbox 1025 2278 1151 2326; x_wconf 65' lang='lat' dir='ltr'><strong>tlemu-</strong></span> <span class='ocrx_word' id='word_1_143' title='bbox 1163 2275 1175 2338; x_wconf 63' lang='lat'>5</span> <span class='ocrx_word' id='word_1_144' title='bbox 1186 2275 1211 2325; x_wconf 86' lang='grc'><strong>6.</strong></span> <span class='ocrx_word' id='word_1_145' title='bbox 1224 2274 1279 2324; x_wconf 83' lang='lat' dir='ltr'><strong>lam</strong></span> <span class='ocrx_word' id='word_1_146' title='bbox 1291 2273 1318 2322; x_wconf 82' lang='grc' dir='ltr'><strong>Ρ.</strong></span> <span class='ocrx_word' id='word_1_147' title='bbox 1332 2272 1377 2321; x_wconf 77' lang='lat' dir='ltr'><strong>Fu·</strong></span> 
     </span>
     <span class='ocr_line' id='line_1_16' title="bbox 307 2361 1376 2429; baseline -0.003 -16"><span class='ocrx_word' id='word_1_148' title='bbox 307 2363 356 2413; x_wconf 86' lang='lat' dir='ltr'><strong>ber</strong></span> <span class='ocrx_word' id='word_1_149' title='bbox 365 2373 512 2427; x_wconf 87' lang='lat' dir='ltr'><strong>suspectum</strong></span> <span class='ocrx_word' id='word_1_150' title='bbox 526 2364 635 2416; x_wconf 86' lang='lat' dir='ltr'><strong>babebat</strong></span> <span class='ocrx_word' id='word_1_151' title='bbox 648 2365 697 2416; x_wconf 88' lang='lat' dir='ltr'><strong>boc</strong></span> <span class='ocrx_word' id='word_1_152' title='bbox 708 2366 927 2416; x_wconf 85' lang='lat' dir='ltr'><strong>additamentum:</strong></span> <span class='ocrx_word' id='word_1_153' title='bbox 942 2366 988 2415; x_wconf 77' lang='lat' dir='ltr'><strong>vid</strong></span> <span class='ocrx_word' id='word_1_154' title='bbox 1000 2373 1050 2423; x_wconf 85' lang='lat' dir='ltr'><strong>est,</strong></span> <span class='ocrx_word' id='word_1_155' title='bbox 1062 2378 1119 2429; x_wconf 77' lang='lat' dir='ltr'><strong>quae</strong></span> <span class='ocrx_word' id='word_1_156' title='bbox 1130 2377 1172 2415; x_wconf 91' lang='lat' dir='ltr'><strong>res</strong></span> <span class='ocrx_word' id='word_1_157' title='bbox 1183 2363 1242 2413; x_wconf 85' lang='lat' dir='ltr'><strong>huic</strong></span> <span class='ocrx_word' id='word_1_158' title='bbox 1250 2361 1376 2413; x_wconf 83' lang='lat' dir='ltr'><strong>rocisub-</strong></span> 
     </span>
     <span class='ocr_line' id='line_1_17' title="bbox 308 2451 1376 2517; baseline -0.001 -17"><span class='ocrx_word' id='word_1_159' title='bbox 308 2451 448 2512; x_wconf 75' lang='lat' dir='ltr'><strong>lictatur-3</strong></span> <span class='ocrx_word' id='word_1_160' title='bbox 467 2453 626 2504; x_wconf 88' lang='lat' dir='ltr'><strong>incluserunt</strong></span> <span class='ocrx_word' id='word_1_161' title='bbox 645 2453 740 2511; x_wconf 64' lang='lat' dir='ltr'><strong>Daris„</strong></span> <span class='ocrx_word' id='word_1_162' title='bbox 765 2454 882 2517; x_wconf 80' lang='lat' dir='ltr'><strong>Ernesti,</strong></span> <span class='ocrx_word' id='word_1_163' title='bbox 902 2454 1001 2514; x_wconf 86' lang='lat' dir='ltr'><strong>Bremi;</strong></span> <span class='ocrx_word' id='word_1_164' title='bbox 1026 2453 1122 2504; x_wconf 87' lang='lat' dir='ltr'><strong>delevit</strong></span> <span class='ocrx_word' id='word_1_165' title='bbox 1140 2452 1250 2512; x_wconf 74' lang='lat' dir='ltr'><strong>Sublata,</strong></span> <span class='ocrx_word' id='word_1_166' title='bbox 1274 2457 1376 2501; x_wconf 87' lang='lat' dir='ltr'><strong>tuentur</strong></span> 
     </span>
     <span class='ocr_line' id='line_1_18' title="bbox 306 2538 1376 2603; baseline -0.004 -13"><span class='ocrx_word' id='word_1_167' title='bbox 306 2538 393 2599; x_wconf 83' lang='lat' dir='ltr'><strong>Orelli,</strong></span> <span class='ocrx_word' id='word_1_168' title='bbox 406 2539 515 2603; x_wconf 80' lang='lat' dir='ltr'><strong>iladvig,</strong></span> <span class='ocrx_word' id='word_1_169' title='bbox 530 2541 623 2603; x_wconf 86' lang='lat' dir='ltr'><strong>Baiter,</strong></span> <span class='ocrx_word' id='word_1_170' title='bbox 640 2548 702 2602; x_wconf 77' lang='lat' dir='ltr'><strong>etc..</strong></span> <span class='ocrx_word' id='word_1_171' title='bbox 721 2550 747 2592; x_wconf 90' lang='lat' dir='ltr'><strong>et</strong></span> <span class='ocrx_word' id='word_1_172' title='bbox 759 2549 864 2592; x_wconf 85' lang='lat' dir='ltr'><strong>servant</strong></span> <span class='ocrx_word' id='word_1_173' title='bbox 877 2554 932 2593; x_wconf 89' lang='lat' dir='ltr'><strong>voc.</strong></span> <span class='ocrx_word' id='word_1_174' title='bbox 948 2556 997 2600; x_wconf 82' lang='lat' dir='ltr'><strong>res,</strong></span> <span class='ocrx_word' id='word_1_175' title='bbox 1009 2541 1070 2592; x_wconf 84' lang='lat' dir='ltr'><strong>licet</strong></span> <span class='ocrx_word' id='word_1_176' title='bbox 1089 2541 1179 2592; x_wconf 84' lang='lat' dir='ltr'><strong>cicero</strong></span> <span class='ocrx_word' id='word_1_177' title='bbox 1197 2546 1282 2590; x_wconf 83' lang='lat' dir='ltr'><strong>utatm</strong></span> <span class='ocrx_word' id='word_1_178' title='bbox 1301 2538 1376 2602; x_wconf 83' lang='lat' dir='ltr'><strong>paulo</strong></span> 
     </span>
     <span class='ocr_line' id='line_1_19' title="bbox 304 2628 1229 2694; baseline 0 -16"><span class='ocrx_word' id='word_1_179' title='bbox 304 2640 380 2690; x_wconf 86' lang='lat' dir='ltr'><strong>snpra</strong></span> <span class='ocrx_word' id='word_1_180' title='bbox 398 2642 454 2679; x_wconf 91' lang='lat' dir='ltr'><strong>voc.</strong></span> <span class='ocrx_word' id='word_1_181' title='bbox 467 2629 512 2678; x_wconf 83' lang='lat' dir='ltr'><strong>uis.</strong></span> <span class='ocrx_word' id='word_1_182' title='bbox 525 2629 586 2679; x_wconf 83' lang='lat' dir='ltr'><strong>tlibi</strong></span> <span class='ocrx_word' id='word_1_183' title='bbox 596 2630 734 2681; x_wconf 80' lang='lat' dir='ltr'><strong>admodum</strong></span> <span class='ocrx_word' id='word_1_184' title='bbox 745 2643 904 2694; x_wconf 82' lang='lat' dir='ltr'><strong>supervacua</strong></span> <span class='ocrx_word' id='word_1_185' title='bbox 916 2631 1017 2681; x_wconf 90' lang='lat' dir='ltr'><strong>videtur</strong></span> <span class='ocrx_word' id='word_1_186' title='bbox 1029 2630 1079 2680; x_wconf 88' lang='lat' dir='ltr'><strong>ista</strong></span> <span class='ocrx_word' id='word_1_187' title='bbox 1091 2628 1229 2679; x_wconf 88' lang='lat' dir='ltr'><strong>enarratio.</strong></span> 
     </span>
    </p>

    <p class='ocr_par' dir='ltr' id='par_1_6' title="bbox 248 2713 1376 3751">
     <span class='ocr_line' id='line_1_20' title="bbox 337 2713 1376 2779; baseline -0.002 -14"><span class='ocrx_word' id='word_1_188' title='bbox 337 2716 379 2766; x_wconf 85' lang='lat' dir='ltr'><strong>til.</strong></span> <span class='ocrx_word' id='word_1_189' title='bbox 392 2716 527 2768; x_wconf 73' lang='lat' dir='ltr'><strong>abundent</strong></span> <span class='ocrx_word' id='word_1_190' title='bbox 539 2717 616 2768; x_wconf 88' lang='lat' dir='ltr'><strong>verba</strong></span> <span class='ocrx_word' id='word_1_191' title='bbox 626 2731 633 2766; x_wconf 77' lang='grc' dir='ltr'><strong>ε</strong></span> <span class='ocrx_word' id='word_1_192' title='bbox 644 2738 654 2760; x_wconf 76' lang='grc' dir='ltr'>ι</span> <span class='ocrx_word' id='word_1_193' title='bbox 664 2718 690 2768; x_wconf 94' lang='lat' dir='ltr'><strong>id</strong></span> <span class='ocrx_word' id='word_1_194' title='bbox 702 2726 857 2779; x_wconf 76' lang='lat' dir='ltr'><strong>extremum,</strong></span> <span class='ocrx_word' id='word_1_195' title='bbox 874 2718 901 2769; x_wconf 92' lang='lat' dir='ltr'><strong>id</strong></span> <span class='ocrx_word' id='word_1_196' title='bbox 913 2718 1028 2769; x_wconf 88' lang='lat' dir='ltr'><strong>ultimum</strong></span> <span class='ocrx_word' id='word_1_197' title='bbox 1040 2717 1166 2768; x_wconf 90' lang='lat' dir='ltr'><strong>bonorum</strong></span> <span class='ocrx_word' id='word_1_198' title='bbox 1175 2734 1198 2765; x_wconf 79' lang='lat' dir='ltr'><strong>o.</strong></span> <span class='ocrx_word' id='word_1_199' title='bbox 1206 2714 1288 2778; x_wconf 78' lang='lat'><strong>-§7.</strong></span> <span class='ocrx_word' id='word_1_200' title='bbox 1296 2713 1376 2764; x_wconf 85' lang='lat' dir='ltr'><strong>ilbcst</strong></span> 
     </span>
     <span class='ocr_line' id='line_1_21' title="bbox 302 2801 1373 2870; baseline -0.001 -17"><span class='ocrx_word' id='word_1_201' title='bbox 302 2815 316 2853; x_wconf 89' lang='lat' dir='ltr'><strong>a</strong></span> <span class='ocrx_word' id='word_1_202' title='bbox 328 2804 387 2854; x_wconf 90' lang='lat' dir='ltr'><strong>cod.</strong></span> <span class='ocrx_word' id='word_1_203' title='bbox 400 2804 477 2853; x_wconf 81' lang='lat' dir='ltr'><strong>Palat.</strong></span> <span class='ocrx_word' id='word_1_204' title='bbox 490 2805 509 2861; x_wconf 89' lang='grc' dir='ltr'><strong>Ι,</strong></span> <span class='ocrx_word' id='word_1_205' title='bbox 520 2806 576 2855; x_wconf 87' lang='lat' dir='ltr'><strong>sire</strong></span> <span class='ocrx_word' id='word_1_206' title='bbox 588 2808 620 2855; x_wconf 78' lang='lat' dir='ltr'><strong>A·</strong></span> <span class='ocrx_word' id='word_1_207' title='bbox 634 2819 691 2856; x_wconf 90' lang='lat' dir='ltr'><strong>voc.</strong></span> <span class='ocrx_word' id='word_1_208' title='bbox 705 2806 817 2870; x_wconf 81' lang='lat' dir='ltr'><strong>sapienti,</strong></span> <span class='ocrx_word' id='word_1_209' title='bbox 830 2814 889 2857; x_wconf 90' lang='lat' dir='ltr'><strong>ante</strong></span> <span class='ocrx_word' id='word_1_210' title='bbox 901 2806 1027 2864; x_wconf 80' lang='lat' dir='ltr'><strong>assentiri,</strong></span> <span class='ocrx_word' id='word_1_211' title='bbox 1039 2806 1107 2868; x_wconf 84' lang='lat' dir='ltr'><strong>qtrod</strong></span> <span class='ocrx_word' id='word_1_212' title='bbox 1119 2805 1202 2854; x_wconf 92' lang='lat' dir='ltr'><strong>locum</strong></span> <span class='ocrx_word' id='word_1_213' title='bbox 1211 2801 1373 2866; x_wconf 81' lang='lat' dir='ltr'><strong>usurpavisse</strong></span> 
     </span>
     <span class='ocr_line' id='line_1_22' title="bbox 303 2886 1375 2957; baseline 0 -15"><span class='ocrx_word' id='word_1_214' title='bbox 303 2900 389 2955; x_wconf 88' lang='lat' dir='ltr'><strong>potest</strong></span> <span class='ocrx_word' id='word_1_215' title='bbox 400 2893 559 2954; x_wconf 84' lang='lat' dir='ltr'><strong>pronominis</strong></span> <span class='ocrx_word' id='word_1_216' title='bbox 570 2893 601 2943; x_wconf 84' lang='lat' dir='ltr'><strong>ci.</strong></span> <span class='ocrx_word' id='word_1_217' title='bbox 619 2893 674 2942; x_wconf 86' lang='lat' dir='ltr'><strong>Non</strong></span> <span class='ocrx_word' id='word_1_218' title='bbox 687 2895 768 2955; x_wconf 88' lang='lat' dir='ltr'><strong>potuit</strong></span> <span class='ocrx_word' id='word_1_219' title='bbox 781 2894 831 2943; x_wconf 90' lang='lat' dir='ltr'><strong>nisi</strong></span> <span class='ocrx_word' id='word_1_220' title='bbox 843 2886 969 2957; x_wconf 69' lang='grc' dir='ltr'><strong>εἰρωνικῶς</strong></span> <span class='ocrx_word' id='word_1_221' title='bbox 980 2893 1119 2955; x_wconf 74' lang='lat' dir='ltr'><strong>Epicurum</strong></span> <span class='ocrx_word' id='word_1_222' title='bbox 1130 2892 1220 2942; x_wconf 81' lang='lat' dir='ltr'><strong>Cicero</strong></span> <span class='ocrx_word' id='word_1_223' title='bbox 1232 2892 1375 2953; x_wconf 83' lang='lat' dir='ltr'><strong>sapientem</strong></span> 
     </span>
     <span class='ocr_line' id='line_1_23' title="bbox 302 2979 1375 3044; baseline 0 -15"><span class='ocrx_word' id='word_1_224' title='bbox 302 2979 448 3043; x_wconf 85' lang='lat' dir='ltr'><strong>appellare;</strong></span> <span class='ocrx_word' id='word_1_225' title='bbox 461 2981 524 3030; x_wconf 89' lang='lat' dir='ltr'><strong>nibil</strong></span> <span class='ocrx_word' id='word_1_226' title='bbox 543 2994 652 3031; x_wconf 88' lang='lat' dir='ltr'><strong>necesse</strong></span> <span class='ocrx_word' id='word_1_227' title='bbox 669 2989 709 3031; x_wconf 92' lang='lat' dir='ltr'><strong>est</strong></span> <span class='ocrx_word' id='word_1_228' title='bbox 726 2981 819 3044; x_wconf 83' lang='lat' dir='ltr'><strong>igitur,</strong></span> <span class='ocrx_word' id='word_1_229' title='bbox 831 2988 861 3031; x_wconf 91' lang='lat' dir='ltr'><strong>ut</strong></span> <span class='ocrx_word' id='word_1_230' title='bbox 874 2981 927 3030; x_wconf 89' lang='lat' dir='ltr'><strong>vult</strong></span> <span class='ocrx_word' id='word_1_231' title='bbox 938 2979 1089 3043; x_wconf 83' lang='lat' dir='ltr'><strong>Madvigius,</strong></span> <span class='ocrx_word' id='word_1_232' title='bbox 1105 2979 1225 3042; x_wconf 85' lang='lat' dir='ltr'><strong>supplere</strong></span> <span class='ocrx_word' id='word_1_233' title='bbox 1245 2981 1375 3043; x_wconf 81' lang='lat' dir='ltr'><strong>«sapienti</strong></span> 
     </span>
     <span class='ocr_line' id='line_1_24' title="bbox 301 3057 1375 3133; baseline -0.001 -13"><span class='ocrx_word' id='word_1_234' title='bbox 301 3077 328 3120; x_wconf 89' lang='lat' dir='ltr'><strong>et</strong></span> <span class='ocrx_word' id='word_1_235' title='bbox 340 3070 442 3133; x_wconf 86' lang='lat' dir='ltr'><strong>quidem</strong></span> <span class='ocrx_word' id='word_1_236' title='bbox 454 3071 479 3120; x_wconf 89' lang='lat' dir='ltr'><strong>ei</strong></span> <span class='ocrx_word' id='word_1_237' title='bbox 490 3071 601 3133; x_wconf 88' lang='lat' dir='ltr'><strong>sapienti</strong></span> <span class='ocrx_word' id='word_1_238' title='bbox 612 3072 665 3133; x_wconf 84' lang='lat' dir='ltr'><strong>qrri,</strong></span> <span class='ocrx_word' id='word_1_239' title='bbox 675 3077 725 3120; x_wconf 87' lang='lat' dir='ltr'><strong>otc.</strong></span> <span class='ocrx_word' id='word_1_240' title='bbox 741 3091 789 3113; x_wconf 74' lang='grc' dir='ltr'><strong>ι-</strong></span> <span class='ocrx_word' id='word_1_241' title='bbox 802 3057 851 3132; x_wconf 65' lang='grc'><strong>58.</strong></span> <span class='ocrx_word' id='word_1_242' title='bbox 867 3070 962 3121; x_wconf 87' lang='lat' dir='ltr'><strong>Nonius</strong></span> <span class='ocrx_word' id='word_1_243' title='bbox 973 3069 1044 3120; x_wconf 88' lang='lat' dir='ltr'><strong>addit</strong></span> <span class='ocrx_word' id='word_1_244' title='bbox 1055 3069 1094 3130; x_wconf 84' lang='lat' dir='ltr'><strong>de,</strong></span> <span class='ocrx_word' id='word_1_245' title='bbox 1107 3075 1166 3118; x_wconf 87' lang='lat' dir='ltr'><strong>ante</strong></span> <span class='ocrx_word' id='word_1_246' title='bbox 1177 3088 1188 3112; x_wconf 77' lang='lat' dir='ltr'><strong>u</strong></span> <span class='ocrx_word' id='word_1_247' title='bbox 1199 3069 1284 3119; x_wconf 89' lang='lat' dir='ltr'><strong>verbis</strong></span> <span class='ocrx_word' id='word_1_248' title='bbox 1296 3070 1338 3120; x_wconf 82' lang='lat' dir='ltr'><strong>iris</strong></span> <span class='ocrx_word' id='word_1_249' title='bbox 1346 3090 1375 3127; x_wconf 76' lang='lat' dir='ltr'><strong>r,</strong></span> 
     </span>
     <span class='ocr_line' id='line_1_25' title="bbox 301 3157 1373 3223; baseline 0 -14"><span class='ocrx_word' id='word_1_250' title='bbox 301 3161 370 3210; x_wconf 89' lang='lat' dir='ltr'><strong>unde</strong></span> <span class='ocrx_word' id='word_1_251' title='bbox 382 3160 499 3223; x_wconf 91' lang='lat' dir='ltr'><strong>suspicor</strong></span> <span class='ocrx_word' id='word_1_252' title='bbox 511 3160 547 3210; x_wconf 91' lang='lat' dir='ltr'><strong>ibi</strong></span> <span class='ocrx_word' id='word_1_253' title='bbox 560 3162 639 3211; x_wconf 88' lang='lat' dir='ltr'><strong>latere</strong></span> <span class='ocrx_word' id='word_1_254' title='bbox 651 3160 768 3211; x_wconf 81' lang='lat' dir='ltr'><strong>scholion</strong></span> <span class='ocrx_word' id='word_1_255' title='bbox 780 3160 895 3211; x_wconf 76' lang='lat' dir='ltr'><strong>formulae</strong></span> <span class='ocrx_word' id='word_1_256' title='bbox 908 3179 918 3202; x_wconf 74' lang='grc' dir='ltr'>ι</span> <span class='ocrx_word' id='word_1_257' title='bbox 933 3160 981 3210; x_wconf 88' lang='lat' dir='ltr'><strong>boc</strong></span> <span class='ocrx_word' id='word_1_258' title='bbox 994 3157 1051 3210; x_wconf 92' lang='lat' dir='ltr'><strong>loco</strong></span> <span class='ocrx_word' id='word_1_259' title='bbox 1060 3158 1239 3218; x_wconf 58' lang='lat' dir='ltr'><strong>»alterutrum</strong></span> <span class='ocrx_word' id='word_1_260' title='bbox 1251 3157 1373 3209; x_wconf 86' lang='lat' dir='ltr'><strong>abundat.</strong></span> 
     </span>
     <span class='ocr_line' id='line_1_26' title="bbox 248 3246 1374 3313; baseline -0.006 -9"><span class='ocrx_word' id='word_1_261' title='bbox 248 3295 252 3304; x_wconf 88' lang='lat'><em>.</em></span> <span class='ocrx_word' id='word_1_262' title='bbox 301 3274 331 3285; x_wconf 91' lang='lat'>-</span> <span class='ocrx_word' id='word_1_263' title='bbox 343 3249 437 3313; x_wconf 78' lang='lat' dir='ltr'><strong>begam</strong></span> <span class='ocrx_word' id='word_1_264' title='bbox 460 3262 518 3299; x_wconf 92' lang='lat' dir='ltr'><strong>cum</strong></span> <span class='ocrx_word' id='word_1_265' title='bbox 538 3250 615 3301; x_wconf 74' lang='lat' dir='ltr'><strong>Balsio</strong></span> <span class='ocrx_word' id='word_1_266' title='bbox 630 3266 637 3298; x_wconf 73' lang='grc' dir='ltr'><strong>ε</strong></span> <span class='ocrx_word' id='word_1_267' title='bbox 656 3269 668 3293; x_wconf 80' lang='lat' dir='ltr'><strong>v</strong></span> <span class='ocrx_word' id='word_1_268' title='bbox 681 3263 774 3301; x_wconf 88' lang='lat' dir='ltr'><strong>sensus</strong></span> <span class='ocrx_word' id='word_1_269' title='bbox 793 3250 939 3301; x_wconf 79' lang='lat' dir='ltr'><strong>titillaretur</strong></span> <span class='ocrx_word' id='word_1_270' title='bbox 956 3269 980 3312; x_wconf 81' lang='grc' dir='ltr'><strong>ι,</strong></span> <span class='ocrx_word' id='word_1_271' title='bbox 993 3262 1044 3313; x_wconf 87' lang='lat' dir='ltr'><strong>qno</strong></span> <span class='ocrx_word' id='word_1_272' title='bbox 1063 3248 1141 3299; x_wconf 88' lang='lat' dir='ltr'><strong>verbo</strong></span> <span class='ocrx_word' id='word_1_273' title='bbox 1158 3246 1238 3298; x_wconf 88' lang='lat' dir='ltr'><strong>utitur</strong></span> <span class='ocrx_word' id='word_1_274' title='bbox 1254 3261 1374 3299; x_wconf 89' lang='lat' dir='ltr'><strong>nonnun-</strong></span> 
     </span>
     <span class='ocr_line' id='line_1_27' title="bbox 299 3334 1372 3399; baseline 0 -14"><span class='ocrx_word' id='word_1_275' title='bbox 299 3348 375 3399; x_wconf 82' lang='lat' dir='ltr'><strong>quam</strong></span> <span class='ocrx_word' id='word_1_276' title='bbox 386 3336 493 3398; x_wconf 85' lang='lat' dir='ltr'><strong>Tulllns‚</strong></span> <span class='ocrx_word' id='word_1_277' title='bbox 507 3337 551 3399; x_wconf 91' lang='lat' dir='ltr'><strong>qui</strong></span> <span class='ocrx_word' id='word_1_278' title='bbox 564 3337 671 3388; x_wconf 89' lang='lat' dir='ltr'><strong>verbum</strong></span> <span class='ocrx_word' id='word_1_279' title='bbox 683 3338 787 3387; x_wconf 81' lang='lat' dir='ltr'><strong>litururr&#39;</strong></span> <span class='ocrx_word' id='word_1_280' title='bbox 800 3339 832 3388; x_wconf 91' lang='lat' dir='ltr'><strong>de</strong></span> <span class='ocrx_word' id='word_1_281' title='bbox 844 3338 963 3387; x_wconf 85' lang='lat' dir='ltr'><strong>sensibus</strong></span> <span class='ocrx_word' id='word_1_282' title='bbox 975 3336 1094 3399; x_wconf 84' lang='lat' dir='ltr'><strong>ignorare</strong></span> <span class='ocrx_word' id='word_1_283' title='bbox 1106 3334 1217 3385; x_wconf 87' lang='lat' dir='ltr'><strong>videtur.</strong></span> <span class='ocrx_word' id='word_1_284' title='bbox 1227 3335 1276 3398; x_wconf 68' lang='lat'><strong>-5</strong></span> <span class='ocrx_word' id='word_1_285' title='bbox 1289 3336 1328 3386; x_wconf 86' lang='lat' dir='ltr'><strong>ib.</strong></span> <span class='ocrx_word' id='word_1_286' title='bbox 1337 3335 1372 3385; x_wconf 91' lang='lat' dir='ltr'><strong>lta</strong></span> 
     </span>
     <span class='ocr_line' id='line_1_28' title="bbox 299 3423 1372 3488; baseline 0 -15"><span class='ocrx_word' id='word_1_287' title='bbox 299 3424 396 3473; x_wconf 87' lang='lat' dir='ltr'><strong>incerta</strong></span> <span class='ocrx_word' id='word_1_288' title='bbox 408 3432 449 3475; x_wconf 87' lang='lat' dir='ltr'><strong>est</strong></span> <span class='ocrx_word' id='word_1_289' title='bbox 459 3425 614 3487; x_wconf 91' lang='lat' dir='ltr'><strong>optimorum</strong></span> <span class='ocrx_word' id='word_1_290' title='bbox 625 3425 742 3475; x_wconf 89' lang='lat' dir='ltr'><strong>codicum</strong></span> <span class='ocrx_word' id='word_1_291' title='bbox 756 3425 831 3476; x_wconf 90' lang='lat' dir='ltr'><strong>lectio</strong></span> <span class='ocrx_word' id='word_1_292' title='bbox 844 3434 873 3476; x_wconf 90' lang='lat' dir='ltr'><strong>ut</strong></span> <span class='ocrx_word' id='word_1_293' title='bbox 889 3425 988 3475; x_wconf 87' lang='lat' dir='ltr'><strong>nescias</strong></span> <span class='ocrx_word' id='word_1_294' title='bbox 1001 3431 1085 3474; x_wconf 89' lang='lat' dir='ltr'><strong>utrum</strong></span> <span class='ocrx_word' id='word_1_295' title='bbox 1098 3424 1234 3487; x_wconf 80' lang='lat' dir='ltr'><strong>legendum</strong></span> <span class='ocrx_word' id='word_1_296' title='bbox 1246 3423 1279 3473; x_wconf 90' lang='lat' dir='ltr'><strong>sit</strong></span> <span class='ocrx_word' id='word_1_297' title='bbox 1287 3425 1329 3488; x_wconf 81' lang='lat' dir='ltr'><strong>pul</strong></span> <span class='ocrx_word' id='word_1_298' title='bbox 1340 3437 1372 3473; x_wconf 90' lang='lat' dir='ltr'><strong>an</strong></span> 
     </span>
     <span class='ocr_line' id='line_1_29' title="bbox 301 3510 1372 3575; baseline -0.005 -14"><span class='ocrx_word' id='word_1_299' title='bbox 301 3521 431 3574; x_wconf 61' lang='lat' dir='ltr'><strong>cumanae</strong></span> <span class='ocrx_word' id='word_1_300' title='bbox 444 3511 538 3561; x_wconf 88' lang='lat' dir='ltr'><strong>verba:</strong></span> <span class='ocrx_word' id='word_1_301' title='bbox 554 3512 649 3562; x_wconf 78' lang='lat' dir='ltr'><strong>«lactat</strong></span> <span class='ocrx_word' id='word_1_302' title='bbox 661 3513 811 3563; x_wconf 87' lang='lat' dir='ltr'><strong>varietatem</strong></span> <span class='ocrx_word' id='word_1_303' title='bbox 823 3513 1013 3574; x_wconf 77' lang='lat' dir='ltr'><strong>voluptatum».</strong></span> <span class='ocrx_word' id='word_1_304' title='bbox 1026 3511 1142 3564; x_wconf 78' lang='lat' dir='ltr'><strong>Davisius</strong></span> <span class='ocrx_word' id='word_1_305' title='bbox 1155 3510 1217 3573; x_wconf 82' lang='lat' dir='ltr'><strong>legit</strong></span> <span class='ocrx_word' id='word_1_306' title='bbox 1229 3512 1273 3575; x_wconf 82' lang='lat' dir='ltr'><strong>qui</strong></span> <span class='ocrx_word' id='word_1_307' title='bbox 1280 3530 1290 3568; x_wconf 90' lang='lat'><strong>‚·</strong></span> <span class='ocrx_word' id='word_1_308' title='bbox 1302 3512 1372 3574; x_wconf 88' lang='lat' dir='ltr'><strong>equi.</strong></span> 
     </span>
     <span class='ocr_line' id='line_1_30' title="bbox 300 3597 1372 3663; baseline 0.002 -16"><span class='ocrx_word' id='word_1_309' title='bbox 300 3597 359 3647; x_wconf 89' lang='lat' dir='ltr'><strong>dem</strong></span> <span class='ocrx_word' id='word_1_310' title='bbox 378 3599 427 3650; x_wconf 86' lang='lat' dir='ltr'><strong>boc</strong></span> <span class='ocrx_word' id='word_1_311' title='bbox 446 3598 556 3649; x_wconf 88' lang='lat' dir='ltr'><strong>incisum</strong></span> <span class='ocrx_word' id='word_1_312' title='bbox 570 3600 681 3663; x_wconf 89' lang='lat' dir='ltr'><strong>deleam,</strong></span> <span class='ocrx_word' id='word_1_313' title='bbox 694 3613 745 3663; x_wconf 90' lang='lat' dir='ltr'><strong>quo</strong></span> <span class='ocrx_word' id='word_1_314' title='bbox 762 3601 858 3652; x_wconf 90' lang='lat' dir='ltr'><strong>omisso</strong></span> <span class='ocrx_word' id='word_1_315' title='bbox 875 3600 939 3650; x_wconf 88' lang='lat' dir='ltr'><strong>nibil</strong></span> <span class='ocrx_word' id='word_1_316' title='bbox 951 3600 1087 3663; x_wconf 83' lang='lat' dir='ltr'><strong>quicquam</strong></span> <span class='ocrx_word' id='word_1_317' title='bbox 1105 3600 1180 3649; x_wconf 86' lang='lat' dir='ltr'><strong>deest</strong></span> <span class='ocrx_word' id='word_1_318' title='bbox 1191 3598 1217 3650; x_wconf 90' lang='lat' dir='ltr'><strong>in</strong></span> <span class='ocrx_word' id='word_1_319' title='bbox 1228 3599 1372 3656; x_wconf 86' lang='lat' dir='ltr'><strong>senteutia;</strong></span> 
     </span>
     <span class='ocr_line' id='line_1_31' title="bbox 298 3687 887 3751; baseline 0.005 -15"><span class='ocrx_word' id='word_1_320' title='bbox 298 3687 350 3738; x_wconf 90' lang='lat' dir='ltr'><strong>imo</strong></span> <span class='ocrx_word' id='word_1_321' title='bbox 363 3687 461 3749; x_wconf 87' lang='lat' dir='ltr'><strong>planius</strong></span> <span class='ocrx_word' id='word_1_322' title='bbox 473 3693 499 3738; x_wconf 92' lang='lat' dir='ltr'><strong>et</strong></span> <span class='ocrx_word' id='word_1_323' title='bbox 510 3689 655 3751; x_wconf 88' lang='lat' dir='ltr'><strong>elegantius</strong></span> <span class='ocrx_word' id='word_1_324' title='bbox 667 3690 784 3751; x_wconf 83' lang='lat' dir='ltr'><strong>procedit</strong></span> <span class='ocrx_word' id='word_1_325' title='bbox 796 3689 887 3740; x_wconf 92' lang='lat' dir='ltr'><strong>oratio.</strong></span> 
     </span>
    </p>

    <p class='ocr_par' dir='ltr' id='par_1_7' title="bbox 296 3775 1370 4379">
     <span class='ocr_line' id='line_1_32' title="bbox 330 3775 1369 3839; baseline -0.003 -14"><span class='ocrx_word' id='word_1_326' title='bbox 330 3776 370 3839; x_wconf 87' lang='lat' dir='ltr'><strong>lV,</strong></span> <span class='ocrx_word' id='word_1_327' title='bbox 384 3777 396 3838; x_wconf 60' lang='grc' dir='ltr'>ᾗ</span> <span class='ocrx_word' id='word_1_328' title='bbox 410 3778 450 3827; x_wconf 64' lang='lat' dir='ltr'><strong>ll.</strong></span> <span class='ocrx_word' id='word_1_329' title='bbox 472 3778 630 3839; x_wconf 76' lang='lat' dir='ltr'><strong>iampridem</strong></span> <span class='ocrx_word' id='word_1_330' title='bbox 652 3779 812 3828; x_wconf 89' lang='lat' dir='ltr'><strong>sustulerunt</strong></span> <span class='ocrx_word' id='word_1_331' title='bbox 835 3778 949 3828; x_wconf 86' lang='lat' dir='ltr'><strong>editores</strong></span> <span class='ocrx_word' id='word_1_332' title='bbox 971 3776 1077 3826; x_wconf 88' lang='lat' dir='ltr'><strong>stultum</strong></span> <span class='ocrx_word' id='word_1_333' title='bbox 1095 3776 1143 3825; x_wconf 82' lang='lat' dir='ltr'><strong>ltoc</strong></span> <span class='ocrx_word' id='word_1_334' title='bbox 1155 3775 1369 3826; x_wconf 85' lang='lat' dir='ltr'><strong>additamentum:</strong></span> 
     </span>
     <span class='ocr_line' id='line_1_33' title="bbox 302 3862 1368 3928; baseline -0.003 -14"><span class='ocrx_word' id='word_1_335' title='bbox 302 3866 369 3915; x_wconf 80' lang='lat' dir='ltr'><strong>-sed</strong></span> <span class='ocrx_word' id='word_1_336' title='bbox 381 3864 447 3917; x_wconf 86' lang='lat' dir='ltr'><strong>loric</strong></span> <span class='ocrx_word' id='word_1_337' title='bbox 459 3867 544 3917; x_wconf 89' lang='lat' dir='ltr'><strong>dicitis</strong></span> <span class='ocrx_word' id='word_1_338' title='bbox 554 3887 576 3928; x_wconf 85' lang='lat'><strong>»,</strong></span> <span class='ocrx_word' id='word_1_339' title='bbox 587 3874 647 3916; x_wconf 85' lang='lat' dir='ltr'><strong>ante</strong></span> <span class='ocrx_word' id='word_1_340' title='bbox 660 3867 752 3917; x_wconf 87' lang='lat' dir='ltr'><strong>verba:</strong></span> <span class='ocrx_word' id='word_1_341' title='bbox 766 3865 940 3916; x_wconf 75' lang='lat' dir='ltr'><strong>«invidiosum</strong></span> <span class='ocrx_word' id='word_1_342' title='bbox 954 3877 1047 3914; x_wconf 92' lang='lat' dir='ltr'><strong>nomen</strong></span> <span class='ocrx_word' id='word_1_343' title='bbox 1058 3870 1118 3913; x_wconf 86' lang='lat' dir='ltr'><strong>est»</strong></span> <span class='ocrx_word' id='word_1_344' title='bbox 1130 3862 1198 3925; x_wconf 85' lang='lat' dir='ltr'><strong>quod</strong></span> <span class='ocrx_word' id='word_1_345' title='bbox 1210 3862 1303 3912; x_wconf 80' lang='lat' dir='ltr'><strong>abesto</strong></span> <span class='ocrx_word' id='word_1_346' title='bbox 1312 3875 1368 3912; x_wconf 91' lang='lat' dir='ltr'><strong>me-</strong></span> 
     </span>
     <span class='ocr_line' id='line_1_34' title="bbox 297 3950 1366 4018; baseline 0.004 -16"><span class='ocrx_word' id='word_1_347' title='bbox 297 3950 405 4003; x_wconf 89' lang='lat' dir='ltr'><strong>lioribus</strong></span> <span class='ocrx_word' id='word_1_348' title='bbox 415 3954 562 4014; x_wconf 77' lang='lat' dir='ltr'><strong>codicibus3</strong></span> <span class='ocrx_word' id='word_1_349' title='bbox 574 3954 684 4018; x_wconf 88' lang='lat' dir='ltr'><strong>ideoque</strong></span> <span class='ocrx_word' id='word_1_350' title='bbox 698 3962 764 4005; x_wconf 87' lang='lat' dir='ltr'><strong>tacet</strong></span> <span class='ocrx_word' id='word_1_351' title='bbox 777 3954 870 4004; x_wconf 86' lang='lat' dir='ltr'><strong>Baiter.</strong></span> <span class='ocrx_word' id='word_1_352' title='bbox 884 3981 914 3991; x_wconf 92' lang='lat'><em>-</em></span> <span class='ocrx_word' id='word_1_353' title='bbox 931 3955 943 4016; x_wconf 69' lang='grc' dir='ltr'><strong>ξ</strong></span> <span class='ocrx_word' id='word_1_354' title='bbox 956 3953 994 4003; x_wconf 82' lang='lat'><strong>13.</strong></span> <span class='ocrx_word' id='word_1_355' title='bbox 1007 3953 1097 4003; x_wconf 88' lang='lat' dir='ltr'><strong>illelius</strong></span> <span class='ocrx_word' id='word_1_356' title='bbox 1109 3952 1189 4015; x_wconf 86' lang='lat' dir='ltr'><strong>legas,</strong></span> <span class='ocrx_word' id='word_1_357' title='bbox 1206 3952 1307 4015; x_wconf 88' lang='lat' dir='ltr'><strong>opinor,</strong></span> <span class='ocrx_word' id='word_1_358' title='bbox 1320 3969 1366 4017; x_wconf 92' lang='lat' dir='ltr'><strong>pro</strong></span> 
     </span>
     <span class='ocr_line' id='line_1_35' title="bbox 301 4034 1370 4112; baseline 0.012 -20"><span class='ocrx_word' id='word_1_359' title='bbox 301 4064 310 4085; x_wconf 86' lang='lat'>·</span> <span class='ocrx_word' id='word_1_360' title='bbox 325 4045 391 4095; x_wconf 83' lang='lat' dir='ltr'><strong>idem</strong></span> <span class='ocrx_word' id='word_1_361' title='bbox 402 4060 453 4095; x_wconf 85' lang='lat' dir='ltr'><strong>esse</strong></span> <span class='ocrx_word' id='word_1_362' title='bbox 465 4047 523 4097; x_wconf 91' lang='lat' dir='ltr'><strong>dico</strong></span> <span class='ocrx_word' id='word_1_363' title='bbox 532 4068 553 4108; x_wconf 67' lang='lat' dir='ltr'><strong>u,</strong></span> <span class='ocrx_word' id='word_1_364' title='bbox 569 4068 578 4089; x_wconf 84' lang='lat'><strong>·</strong></span> <span class='ocrx_word' id='word_1_365' title='bbox 592 4049 618 4097; x_wconf 84' lang='lat' dir='ltr'><strong>id</strong></span> <span class='ocrx_word' id='word_1_366' title='bbox 630 4061 673 4109; x_wconf 81' lang='lat' dir='ltr'><strong>epo</strong></span> <span class='ocrx_word' id='word_1_367' title='bbox 685 4049 743 4098; x_wconf 88' lang='lat' dir='ltr'><strong>dico</strong></span> <span class='ocrx_word' id='word_1_368' title='bbox 756 4048 911 4110; x_wconf 88' lang='lat' dir='ltr'><strong>voluptatem</strong></span> <span class='ocrx_word' id='word_1_369' title='bbox 923 4049 990 4112; x_wconf 87' lang='lat' dir='ltr'><strong>quod</strong></span> <span class='ocrx_word' id='word_1_370' title='bbox 1003 4049 1048 4099; x_wconf 90' lang='lat' dir='ltr'><strong>ille</strong></span> <span class='ocrx_word' id='word_1_371' title='bbox 1058 4034 1165 4098; x_wconf 68' lang='grc' dir='ltr'>ἡδονήν»</span> <span class='ocrx_word' id='word_1_372' title='bbox 1177 4064 1184 4111; x_wconf 86' lang='grc'>;</span> <span class='ocrx_word' id='word_1_373' title='bbox 1196 4061 1263 4106; x_wconf 90' lang='lat' dir='ltr'><strong>narn,</strong></span> <span class='ocrx_word' id='word_1_374' title='bbox 1277 4057 1305 4100; x_wconf 89' lang='lat' dir='ltr'><strong>ut</strong></span> <span class='ocrx_word' id='word_1_375' title='bbox 1317 4065 1370 4104; x_wconf 90' lang='lat' dir='ltr'><strong>mo-</strong></span> 
     </span>
     <span class='ocr_line' id='line_1_36' title="bbox 297 4133 1368 4204; baseline 0.012 -25"><span class='ocrx_word' id='word_1_376' title='bbox 297 4137 341 4181; x_wconf 88' lang='lat' dir='ltr'><strong>net</strong></span> <span class='ocrx_word' id='word_1_377' title='bbox 353 4133 479 4196; x_wconf 65' lang='lat' dir='ltr'><strong>iladvig„</strong></span> <span class='ocrx_word' id='word_1_378' title='bbox 492 4148 543 4184; x_wconf 90' lang='lat' dir='ltr'><strong>non</strong></span> <span class='ocrx_word' id='word_1_379' title='bbox 556 4136 588 4186; x_wconf 89' lang='lat' dir='ltr'><strong>de</strong></span> <span class='ocrx_word' id='word_1_380' title='bbox 601 4150 629 4186; x_wconf 91' lang='lat' dir='ltr'><strong>re</strong></span> <span class='ocrx_word' id='word_1_381' title='bbox 641 4138 687 4186; x_wconf 89' lang='lat' dir='ltr'><strong>sed</strong></span> <span class='ocrx_word' id='word_1_382' title='bbox 701 4137 734 4186; x_wconf 93' lang='lat' dir='ltr'><strong>de</strong></span> <span class='ocrx_word' id='word_1_383' title='bbox 747 4137 849 4188; x_wconf 91' lang='lat' dir='ltr'><strong>nomine</strong></span> <span class='ocrx_word' id='word_1_384' title='bbox 861 4137 954 4199; x_wconf 82' lang='lat' dir='ltr'><strong>agitur,</strong></span> <span class='ocrx_word' id='word_1_385' title='bbox 967 4144 1080 4187; x_wconf 90' lang='lat' dir='ltr'><strong>attamen</strong></span> <span class='ocrx_word' id='word_1_386' title='bbox 1091 4138 1209 4201; x_wconf 87' lang='lat' dir='ltr'><strong>legebat:</strong></span> <span class='ocrx_word' id='word_1_387' title='bbox 1223 4159 1235 4184; x_wconf 81' lang='lat' dir='ltr'><strong>u</strong></span> <span class='ocrx_word' id='word_1_388' title='bbox 1250 4140 1314 4191; x_wconf 83' lang='lat' dir='ltr'><strong>idem</strong></span> <span class='ocrx_word' id='word_1_389' title='bbox 1325 4156 1368 4204; x_wconf 83' lang='lat' dir='ltr'><strong>epo</strong></span> 
     </span>
     <span class='ocr_line' id='line_1_37' title="bbox 296 4219 1369 4288; baseline 0.011 -19"><span class='ocrx_word' id='word_1_390' title='bbox 296 4219 385 4271; x_wconf 77' lang='lat' dir='ltr'><strong>dico».</strong></span> <span class='ocrx_word' id='word_1_391' title='bbox 398 4250 428 4258; x_wconf 95' lang='lat'>—</span> <span class='ocrx_word' id='word_1_392' title='bbox 441 4223 532 4273; x_wconf 89' lang='lat' dir='ltr'><strong>Omisit</strong></span> <span class='ocrx_word' id='word_1_393' title='bbox 550 4224 689 4275; x_wconf 90' lang='lat' dir='ltr'><strong>Lambinus</strong></span> <span class='ocrx_word' id='word_1_394' title='bbox 711 4239 766 4275; x_wconf 91' lang='lat' dir='ltr'><strong>voc.</strong></span> <span class='ocrx_word' id='word_1_395' title='bbox 788 4226 965 4286; x_wconf 82' lang='lat' dir='ltr'><strong>iucunditatis,</strong></span> <span class='ocrx_word' id='word_1_396' title='bbox 980 4234 1036 4288; x_wconf 91' lang='lat' dir='ltr'><strong>post</strong></span> <span class='ocrx_word' id='word_1_397' title='bbox 1057 4228 1134 4279; x_wconf 89' lang='lat' dir='ltr'><strong>verba</strong></span> <span class='ocrx_word' id='word_1_398' title='bbox 1148 4248 1159 4274; x_wconf 81' lang='lat' dir='ltr'><strong>u</strong></span> <span class='ocrx_word' id='word_1_399' title='bbox 1173 4231 1369 4281; x_wconf 90' lang='lat' dir='ltr'><strong>commotionem</strong></span> 
     </span>
     <span class='ocr_line' id='line_1_38' title="bbox 296 4312 1369 4379; baseline 0.01 -23"><span class='ocrx_word' id='word_1_400' title='bbox 296 4320 399 4359; x_wconf 86' lang='lat' dir='ltr'><strong>suavem</strong></span> <span class='ocrx_word' id='word_1_401' title='bbox 407 4325 429 4370; x_wconf 75' lang='grc' dir='ltr'><strong>»ς</strong></span> <span class='ocrx_word' id='word_1_402' title='bbox 441 4312 545 4361; x_wconf 85' lang='lat' dir='ltr'><strong>codices</strong></span> <span class='ocrx_word' id='word_1_403' title='bbox 562 4313 652 4375; x_wconf 87' lang='lat' dir='ltr'><strong>optimi</strong></span> <span class='ocrx_word' id='word_1_404' title='bbox 670 4314 696 4363; x_wconf 91' lang='lat' dir='ltr'><strong>in</strong></span> <span class='ocrx_word' id='word_1_405' title='bbox 708 4314 800 4364; x_wconf 89' lang='lat' dir='ltr'><strong>ordino</strong></span> <span class='ocrx_word' id='word_1_406' title='bbox 813 4314 949 4364; x_wconf 89' lang='lat' dir='ltr'><strong>verborum</strong></span> <span class='ocrx_word' id='word_1_407' title='bbox 961 4313 1098 4377; x_wconf 80' lang='lat' dir='ltr'><strong>differunt3</strong></span> <span class='ocrx_word' id='word_1_408' title='bbox 1111 4318 1178 4367; x_wconf 88' lang='lat' dir='ltr'><strong>unde</strong></span> <span class='ocrx_word' id='word_1_409' title='bbox 1191 4317 1272 4367; x_wconf 88' lang='lat' dir='ltr'><strong>oritur</strong></span> <span class='ocrx_word' id='word_1_410' title='bbox 1283 4318 1369 4379; x_wconf 90' lang='lat' dir='ltr'><strong>suspi-</strong></span> 
     </span>
    </p>
   </div>
   <div class='ocr_carea' id='block_1_5' title="bbox 0 0 1668 5159">
    <p class='ocr_par' dir='ltr' id='par_1_8' title="bbox 0 0 1668 5159">
     <span class='ocr_line' id='line_1_39' title="bbox 0 0 1668 5159; baseline 0 8"><span class='ocrx_word' id='word_1_411' title='bbox 0 0 1668 5159; x_wconf 95' lang='lat' dir='ltr'><strong> </strong></span> 
     </span>
    </p>
   </div>
  </div>
 </body>
</html>
