3325 5159
308 543 323 595 t
485 538 719 598 Acunuuroonun
734 550 866 597 rotonum
880 539 916 611 ll,
933 551 1083 612 xvir-xxti,
1097 511 1192 601 sessto.

304 682 348 726 aut
356 689 480 740 proxume
491 676 635 738 abundare;
648 677 716 742 quod
728 676 817 727 vitium
830 674 937 727 fortasse
949 677 1057 727 debetur
1069 678 1222 729 dubitationi
1236 680 1304 731 inter
1311 682 1375 731 scri·

305 763 416 814 bendum
428 771 490 814 ortae
500 764 568 826 apud
579 764 663 826 ipsum
674 765 838 827 scriptorem,
851 764 895 828 qui
906 764 1056 816 alterutrum
1069 767 1156 818 delere
1169 769 1290 832 neglexit.

335 853 409 915 xvtt,
427 853 441 917 5
457 853 497 904 53.
515 854 631 903 l'ormula
645 872 657 898 ι
670 868 701 903 ex
715 854 764 905 boc
775 866 872 917 genere
884 860 939 905 toto
953 873 966 900 n
978 855 1092 905 nonnihil
1104 858 1232 921 displicet,
1250 867 1303 909 tum
1314 861 1373 923 quia
1430 844 1434 850 ⁸

305 941 425 1004 praeeedit
438 962 448 984 «
463 949 544 992 totum
557 942 605 992 lroc
619 960 642 1002 u,
661 948 714 991 tum
730 942 788 1005 quia
809 941 875 992 infra
897 942 992 1006 legitur
1011 962 1023 989 n
1036 946 1063 994 in
1082 946 1129 995 boc
1147 947 1217 997 omni
1236 960 1331 1011 genere
1345 964 1373 1011 ·;

305 1044 382 1094 quare
396 1031 532 1096 legendum
544 1031 651 1093 opinor:
666 1052 676 1073 «
691 1045 722 1081 ex
735 1031 783 1081 hoc
795 1044 891 1095 genere
903 1034 961 1083 sotis
974 1034 1084 1096 perspici
1096 1042 1181 1097 potest
1193 1036 1291 1095 levitas,
1303 1044 1371 1088 etc.-

304 1145 336 1156 -
346 1119 446 1177 Melius,
459 1125 487 1169 ut
498 1118 561 1167 mihi
572 1119 675 1183 quidem
689 1119 798 1181 videtur,
811 1121 936 1182 procedet
952 1121 1044 1180 oratio,
1062 1122 1083 1172 si
1103 1122 1194 1186 legas:
1215 1143 1225 1167 ι
1246 1124 1294 1175 Nec
1310 1123 1373 1175 illud

303 1208 466 1260 adtendimus
468 1243 515 1259 .....
533 1220 609 1271 quam
625 1208 800 1259 inconstanter
821 1209 963 1272 loquamur.
987 1210 1052 1262 Num
1063 1211 1131 1261 enim
1148 1211 1320 1274 proferremus
1324 1250 1373 1264 .....

305 1304 358 1348 tum
371 1298 433 1347 nibil
445 1296 591 1347 iuteresse?
603 1316 616 1342 u
629 1298 723 1348 Addidi
734 1311 778 1346 nec
789 1304 849 1347 ante
862 1298 933 1356 illud,
946 1300 1042 1349 mutavi
1059 1314 1110 1349 nou
1127 1301 1156 1350 in.
1171 1316 1241 1359 uum,
1254 1312 1280 1353 et
1291 1302 1375 1353 inter-

304 1387 409 1451 rogandi
428 1386 530 1451 signum
550 1387 686 1449 posteriori
705 1388 839 1437 sententiae
859 1387 945 1438 tribui.
964 1416 995 1425 —-
1014 1392 1026 1453 5
1042 1390 1082 1440 54.
1101 1390 1238 1441 Lambinus
1251 1392 1372 1456 legebat:

305 1493 317 1519 n
331 1481 359 1525 ut
371 1475 462 1525 insano
474 1487 505 1524 au
518 1479 546 1524 ut
557 1488 639 1525 sano»
654 1476 722 1539 quod
735 1476 817 1538 placet
830 1476 944 1537 ilalmi03
958 1478 1020 1527 milri
1033 1491 1094 1528 vero
1108 1479 1244 1543 legendum
1257 1481 1372 1532 videtur:

304 1582 317 1608 ι
330 1571 358 1614 ιιι
370 1564 459 1615 insano
471 1565 505 1613 sic
516 1577 578 1616 sano
592 1584 605 1610 ι
615 1579 622 1623 ;
634 1579 668 1613 cu
680 1573 764 1615 ortum
776 1573 816 1615 est
827 1580 859 1615 ex
873 1570 968 1616 utrum.
981 1595 1011 1604 -
1022 1569 1099 1618 Tueri
1110 1577 1216 1619 conatur
1232 1570 1373 1634 Madvigius

304 1653 352 1703 boc
364 1652 506 1703 membrum
519 1660 569 1703 tam
581 1654 719 1704 obscurum
730 1661 757 1704 et
768 1656 941 1717 importunum
955 1671 961 1703 :
976 1675 986 1699 ι
1002 1669 1050 1706 uec
1062 1656 1095 1707 sit
1107 1657 1132 1706 in
1144 1658 1246 1709 duobus
1257 1665 1300 1709 aut
1312 1660 1372 1722 plu-

304 1740 374 1791 ribus
382 1741 449 1791 nulla
462 1755 490 1792 re
502 1740 624 1792 differens
635 1742 685 1792 ulla
697 1744 898 1805 communitas»,
912 1744 980 1805 quod
993 1750 1063 1794 certe
1075 1746 1185 1807 peritum
1196 1748 1372 1798 annotatorem

303 1829 398 1892 prodit,
411 1843 461 1879 non
475 1836 558 1880 tamen
570 1830 644 1879 Tullii
656 1830 756 1880 solitam
768 1831 922 1894 elegantiam
941 1833 1034 1890 refert,
1053 1833 1096 1895 qui
1115 1834 1181 1883 hunc
1198 1846 1302 1885 sensum
1317 1838 1372 1886 voci

303 1920 467 1969 communitur
485 1932 533 1982 qua
551 1926 602 1969 tam
619 1920 712 1970 crebro
724 1920 814 1981 utitur,
828 1920 1005 1971 tribuerenon
1025 1922 1104 1982 solet;
1123 1922 1228 1973 minime
1245 1937 1306 1974 vero
1323 1924 1371 1974 hoc

303 2008 446 2058 membrum
460 2007 598 2071 requiritur
611 2014 638 2057 nt
650 2008 776 2057 sententia
789 2008 924 2070 perspicua
937 2008 995 2058 liat:
1009 2017 1133 2072 praeterea
1145 2012 1269 2062 orationis
1277 2018 1372 2062 motum

303 2095 412 2159 fraugit;
424 2095 468 2146 illo
480 2096 558 2159 igitur
570 2094 644 2145 facile
659 2095 768 2157 carebo,
782 2103 809 2146 et
821 2096 903 2160 legam
914 2110 973 2146 cum
985 2098 1125 2150 Lambino:
1145 2120 1155 2143 ι
1168 2099 1202 2150 At
1220 2100 1262 2149 tui
1277 2101 1329 2149 sint
1347 2108 1372 2151 et

303 2197 360 2243 ova,
373 2192 422 2235 etc.
438 2205 449 2226 ι
465 2184 575 2234 llalmius
587 2198 660 2247 pron.
680 2185 727 2234 sibi
746 2185 857 2235 inclusit.
877 2186 986 2236 Posthac
1003 2187 1113 2251 Madvig.
1132 2188 1259 2251 (Addend.
1277 2203 1301 2251 p.
1314 2189 1371 2251 854)

303 2274 340 2323 sic
352 2273 461 2323 lortasse
473 2272 611 2337 legendum
623 2286 681 2323 esse
693 2273 806 2324 monuit:¹
822 2292 833 2316 ι
847 2274 898 2323 Nec
911 2274 944 2323 sit
959 2275 985 2324 in
1004 2275 1105 2325 duobus
1121 2281 1165 2325 aut
1176 2275 1292 2338 pluribus
1303 2276 1370 2326 nulla

303 2375 331 2412 re
349 2361 472 2413 differens
490 2361 658 2411 communitas
674 2361 720 2411 utri
737 2344 901 2425 (φαντασίας,
926 2368 970 2412 aut
989 2362 1112 2426 videndi,
1132 2358 1175 2407 τοῦ
1194 2356 1370 2428 φαντάζεσθαι,

302 2450 371 2501 coni.
384 2452 425 2513 at,
440 2452 494 2513 tot,
508 2450 688 2513 percipiendi).
708 2450 764 2500 Sint
783 2457 810 2501 et
826 2463 873 2501 ova
894 2463 1010 2513 ovorum,
1030 2459 1080 2502 etc.
1096 2471 1109 2498 n
1129 2452 1256 2516 Equidem
1271 2452 1297 2502 in
1315 2465 1371 2502 mea

304 2540 424 2603 opinione
437 2553 584 2602 persevero.
601 2566 625 2576 -
640 2540 701 2601 555.
720 2540 948 2589 lamdamuarerat
959 2540 1086 2590 Manutius
1098 2540 1170 2604 quasi
1182 2540 1296 2603 spurium
1308 2540 1373 2590 inci--

302 2642 374 2679 sum:
388 2636 437 2679 «et
448 2641 494 2678 eos
506 2628 609 2691 quidem
621 2628 821 2677 innumerabiles
836 2648 857 2690 ι,
871 2628 940 2691 quod
957 2627 1070 2678 Halmius
1082 2629 1155 2679 uncis
1167 2628 1278 2679 inclusit.
1292 2629 1371 2686 idem,

300 2726 404 2769 auctore
416 2718 543 2780 Christio,
562 2717 710 2779 particulam
730 2718 764 2766 ito
780 2724 840 2767 aute
857 2731 929 2781 pares
945 2717 1065 2779 seclusit3
1078 2719 1124 2769 sed
1136 2720 1252 2782 sequitur
1264 2723 1291 2768 ut
1302 2719 1370 2783 quod

302 2809 361 2859 lruic
374 2807 528 2859 correctioni
540 2813 681 2870 repugnat;
693 2820 744 2870 quo
757 2807 862 2865 omisso,
876 2806 927 2869 legi
940 2806 1037 2870 possit:
1052 2808 1138 2858 «iuter
1150 2822 1211 2872 quor
1221 2808 1283 2857 nihil
1297 2822 1372 2870 pror-

301 2909 347 2946 sus
358 2896 493 2946 intersit.»
1093 2956 1095 2960 y

331 2986 416 3044 xvttt,
429 2985 493 3049 556.
511 2985 619 3036 Codices
630 2984 691 3034 dant
699 2987 791 3049 potest,
802 2985 871 3048 quod
883 2984 909 3034 iu
919 2989 1021 3049 propter
1035 2993 1158 3036 mutatum
1166 2985 1214 3035 luit
1229 2998 1279 3035 uon
1290 2992 1370 3048 recte,

301 3082 329 3123 ut
339 3080 429 3123 censet
440 3072 554 3123 Halmius
570 3072 614 3135 qui
630 3071 711 3122 edidit
724 3087 731 3120 r
744 3090 757 3116 n
767 3071 904 3134 potiusque
919 3070 1008 3122 refello
1021 3080 1126 3135 propter
1139 3073 1165 3124 id
1181 3072 1249 3136 qnod
1260 3071 1371 3122 dilucide

300 3162 409 3213 docetur
422 3183 444 3211 ι.
457 3167 489 3212 ttt
501 3174 558 3212 roc.
568 3161 651 3225 potius
661 3167 720 3211 ante
732 3159 819 3222 refello
831 3160 872 3209 vix
886 3160 1014 3223 integrum
1032 3168 1080 3220 est,
1099 3169 1126 3212 et
1144 3162 1252 3212 fortasse
1268 3161 1331 3212 latet
1344 3165 1370 3210 tn

301 3251 381 3301 verbo
394 3254 489 3314 potest,¹
510 3256 634 3312 praeterea
652 3248 771 3306 displicet
789 3248 932 3299 hexametri
951 3249 1079 3311 clausula3
1100 3250 1183 3315 legam
1199 3250 1297 3314 igitur:
1320 3258 1372 3300 «et

301 3338 390 3389 refello
408 3338 501 3401 potius,
515 3336 632 3401 quonium
644 3336 754 3387 dilucide
767 3337 874 3387 docetur
883 3356 904 3384 ι.
917 3364 948 3373 -—
960 3338 974 3399 5
985 3337 1025 3388 58.
1038 3338 1123 3389 Locus
1134 3338 1245 3390 diiticilis
1257 3346 1283 3389 et
1295 3352 1371 3389 vexa-

301 3432 342 3476 tus
355 3442 362 3473 ι
377 3446 387 3469 ι
400 3425 468 3475 Nihil
479 3425 548 3475 enim
560 3424 641 3488 magis
651 3424 775 3475 adsentiri
788 3430 883 3487 potest,
896 3424 945 3475 hoc
957 3425 1019 3476 illud
1031 3438 1099 3489 esse,
1118 3440 1192 3490 quam
1206 3428 1229 3477 si
1247 3428 1314 3477 inter
1329 3428 1371 3477 illa

300 3516 403 3566 omnino
421 3514 485 3563 nilril
501 3514 681 3577 interesset»,
699 3513 800 3564 videtur
819 3514 845 3562 in
861 3512 967 3563 lormam
986 3515 1149 3566 verisimilem
1169 3516 1298 3578 redactus,
1318 3522 1370 3565 tum

300 3618 348 3667 ope
361 3603 455 3653 Davisii
467 3604 510 3666 qui
523 3603 585 3667 legit
601 3617 650 3667 pur
668 3607 719 3664 est,
741 3617 786 3665 pro
804 3607 898 3665 potent.
920 3610 973 3652 tum
984 3604 1104 3668 Madvigii
1115 3605 1159 3668 qui
1171 3605 1233 3668 legit
1244 3606 1313 3668 quasi
1324 3618 1370 3667 pro

301 3692 416 3756 quamsi,
430 3704 494 3755 quos
512 3699 616 3740 secutus
630 3697 671 3741 est
687 3690 808 3740 llalmius.
829 3716 860 3727 -
878 3690 892 3754 5
911 3690 950 3741 60.
970 3691 1077 3741 Codices
1094 3691 1190 3742 babent
1207 3694 1309 3755 utroque
1331 3693 1370 3741 vel

300 3788 443 3847 utrumque,
457 3782 503 3831 sed
515 3792 545 3830 ea
557 3780 583 3829 iu
595 3792 623 3829 re
637 3792 725 3843 parum
738 3780 806 3830 valet
817 3792 906 3830 eorum
919 3780 1072 3840 auctoritas3
1085 3779 1168 3843 legam
1181 3784 1292 3843 utruque,
1305 3794 1371 3843 quo-

302 3872 369 3922 niam
381 3871 465 3935 agitur
478 3871 509 3921 de
520 3869 615 3920 ratione
627 3875 653 3918 et
665 3869 819 3919 auctoritate.

330 3960 408 4022 llllll,
421 3960 434 4023 5
449 3961 489 4010 70.
507 3958 598 4010 Melius
610 3958 747 4020 procedet,
760 3958 866 4020 opinor,
879 3964 906 4008 et
917 3957 1016 4008 facilius
1027 3957 1183 4020 intelligetur
1195 3958 1286 4019 oratio,
1300 3958 1322 4008 si
1332 3958 1371 4007 le-

300 4060 361 4110 gas:
375 4066 386 4089 ι
401 4047 515 4097 Nominis
526 4046 678 4111 dignitatem
691 4046 792 4097 videtur
794 4081 853 4096 ......
867 4047 980 4097 retinere
993 4045 1120 4106 voluisse;
1133 4045 1207 4109 quid?
1218 4047 1286 4110 quod
1299 4055 1371 4096 erant

299 4135 343 4199 qui
354 4134 426 4183 illum
441 4134 529 4197 gloriae
545 4148 620 4185 causa
639 4135 674 4184 sic
693 4133 778 4183 faeere
797 4134 924 4196 dicerent,
942 4147 1046 4197 sperare
1058 4133 1126 4183 euim
1138 4132 1193 4183 iore
1206 4140 1234 4184 ut
1245 4134 1273 4195 ii,
1286 4134 1369 4198 quise

297 4229 477 4285 sequerentur,
491 4221 619 4272 Antiochii
626 4228 778 4273 vocarentur
788 4223 892 4284 »Apud
898 4223 974 4273 codd.
984 4221 1047 4272 ABE
1059 4220 1153 4283 legitur
1164 4220 1290 4282 feceruut,-
1302 4223 1370 4284 apud

301 4312 356 4363 ΑΒ·
367 4314 504 4377 sperarent,
520 4310 587 4373 apud
600 4311 634 4359 B¹
658 4324 758 4374 sperare
777 4312 864 4359 ettam.
883 4310 979 4375 Scripsi
995 4324 1053 4361 cum
1072 4310 1216 4360 camerario
1233 4317 1260 4361 et
1275 4309 1369 4361 Orellio
