3325 5159
299 563 332 617 li
537 562 704 618 bertuinus
720 574 858 617 nououuu
874 562 917 631 lll,
934 575 1029 631 vv-vu,
1045 564 1122 618 8-17.

272 761 276 768 1
298 708 372 745 causa
391 696 417 746 id
436 695 529 745 lactum
549 710 607 747 esse
627 697 721 748 latetur
740 699 894 762 Madvigius,
915 713 966 748 non
977 699 1054 748 audet
1067 707 1150 748 tamen
1169 699 1360 749 codicesdese-

298 797 371 844 rere3
389 797 465 845 quum
485 792 569 835 autem
590 786 676 835 talium
696 800 811 836 errorum
830 787 944 848 exempla
961 800 1011 836 non
1024 787 1125 848 desint,
1145 787 1308 837 librariorum
1324 794 1359 837 te·

298 870 406 920 meritati
419 883 494 933 quam
506 872 637 922 Ciceronis
653 873 816 936 negligentiae
832 875 900 923 liuuc
918 886 1015 924 naevum
1028 874 1141 925 tribuere
1160 872 1242 938 magis
1253 887 1360 924 consen·

299 966 398 1008 laneum
413 965 461 1008 est.

329 1046 369 1108 lV,
381 1047 425 1109 58.
439 1046 557 1097 Abundat
569 1060 625 1095 voc.
638 1045 742 1105 duobus,
755 1045 874 1107 quoniam
883 1058 940 1093 mox
951 1043 1059 1107 legitur:
1073 1060 1085 1087 u
1098 1043 1124 1090 iu
1136 1049 1244 1105 utraque
1253 1046 1325 1103 purte
1334 1052 1359 1096 »ς

298 1135 418 1185 omittunt
435 1135 528 1183 duubaas
544 1134 601 1183 cod.
615 1132 642 1181 B.
655 1132 767 1182 seuErl.
786 1139 813 1180 et
831 1132 889 1181 cod.
902 1130 971 1192 Spir.
983 1157 1013 1165 —
1025 1130 1134 1179 Verbum
1150 1142 1216 1187 esse,
1236 1135 1293 1191 post
1307 1137 1359 1176 voc.

298 1227 386 1286 caput,
406 1229 553 1283 suspectum
565 1220 613 1271 luit
625 1222 740 1280 Bromio,
758 1233 808 1281 qtlo
820 1220 907 1269 deleto
918 1218 1044 1268 sententia
1060 1218 1151 1267 melius
1164 1216 1302 1280 procedilg
1317 1215 1360 1265 sed

298 1309 381 1372 legam
395 1324 401 1356 :
421 1328 431 1351 v
446 1316 522 1370 caput
533 1322 562 1358 ea
575 1309 670 1357 iaciunt
680 1320 736 1371 quae
749 1307 882 1369 perspicua
894 1306 983 1356 dicunt
993 1320 1022 1365 υ;
1043 1305 1148 1355 mutatio
1161 1303 1320 1368 pronominis
1334 1316 1360 1351 eu

297 1398 322 1447 in
336 1396 441 1447 verbum
454 1410 504 1445 esse
516 1396 622 1445 adduxit
635 1396 774 1445 illationem
786 1395 943 1457 pronominis
955 1395 1021 1458 quod
1036 1395 1129 1445 abesse
1147 1406 1197 1443 non
1211 1400 1319 1456 poterat.
1332 1418 1359 1427 -

299 1486 345 1547 59.
358 1485 403 1533 Vix
416 1485 517 1534 credam
527 1485 685 1542 Ciceronem,
697 1484 741 1548 qui
750 1484 825 1534 modo
834 1484 915 1534 dixit:
931 1484 1093 1545 «argumenti
1107 1483 1204 1531 ratione
1217 1481 1360 1536 conclusi»,

299 1586 371 1622 usum
384 1586 442 1621 esse
454 1572 527 1621 brevi
540 1580 597 1635 post
609 1572 695 1622 verbis
707 1572 826 1621 «ratione
839 1571 1044 1621 concludentium
1056 1591 1076 1628 v,
1090 1570 1258 1633 quaeiusuper
1270 1582 1360 1631 super·

298 1674 375 1711 vacua
388 1668 457 1719 suut,
470 1661 587 1724 qnoniam
599 1667 808 1725 argumentorum
821 1666 908 1728 natura
922 1659 996 1721 paulo
1008 1658 1072 1708 inira
1084 1658 1215 1709 delinitur.
1227 1684 1257 1693 -
1271 1655 1360 1719 begam

298 1764 355 1800 cum
376 1750 578 1812 Wesenbergio:
599 1769 611 1793 α
624 1763 684 1799 neue
705 1762 826 1799 sensuum
910 1762 956 1797 neti
980 1748 1095 1804 rationis,
1109 1767 1120 1791 n
1146 1760 1191 1808 pro
1214 1746 1274 1797 lect.
1294 1745 1360 1808 vulg.

297 1854 374 1903 nepae
428 1852 489 1893 ηοω
500 1838 591 1887 addam
604 1850 662 1887 cum
675 1837 797 1885 Lambino
809 1850 839 1885 uc
850 1843 910 1885 aute
923 1836 994 1885 verb.
1006 1849 1156 1899 separemus,
1170 1834 1361 1885 utBaiterns.-

298 1927 405 1976 Codices
418 1930 437 1975 Α
451 1927 469 1975 Β
481 1925 595 1976 babent:
613 1944 626 1969 «
639 1926 753 1975 instituta
765 1932 835 1983 suut,
849 1926 951 1974 inventa
964 1931 1024 1974 sunt
1038 1944 1047 1965 ι
1059 1938 1066 1979 ;
1079 1923 1188 1987 iladvig.
1201 1923 1307 1973 seclusit
1321 1924 1360 1971 ln-

299 2018 370 2063 vcato
381 2018 451 2075 aunt,
470 2014 562 2063 Baiter.
574 2014 675 2076 omisit;
695 2014 783 2064 deerat
795 2013 863 2062 enim
876 2012 965 2075 copula
976 2050 981 2069 .
995 2013 1063 2062 vinde
1075 2012 1237 2061 manifestum
1248 2010 1296 2061 llrit
1307 2023 1361 2060 em-

299 2102 398 2160 blema3
411 2114 461 2151 non
474 2114 576 2163 semper
588 2102 621 2150 lta
631 2102 792 2163 proditur.—
800 2100 882 2151 Verba
896 2121 906 2143 v
920 2112 994 2164 quam
1007 2106 1109 2149 veteres
1119 2120 1129 2144 u
1140 2136 1147 2158 ‚
1160 2107 1279 2163 suspecta
1290 2100 1361 2149 Lam·

299 2189 369 2249 bino,
382 2188 493 2248 liaustu,
507 2188 636 2246 limenio,
650 2197 735 2238 tuetur·
747 2188 903 2252 Madvigius;
916 2187 977 2237 mibi
990 2201 1051 2237 vero
1064 2187 1208 2237 novtsolum
1220 2187 1360 2245 abundare,

298 2277 345 2328 sed
357 2276 523 2326 concinnitati
535 2284 561 2327 et
572 2278 696 2327 orationis
708 2277 787 2327 motui
799 2277 892 2326 obesse
902 2277 1027 2327 videntur.
1044 2304 1072 2312 -
1086 2277 1098 2338 ξ
1112 2277 1150 2325 to.
1163 2275 1246 2324 Malim
1258 2276 1360 2339 legere:

301 2363 453 2413 «artificium
466 2370 492 2414 et
503 2364 568 2413 viam
581 2364 740 2415 tradiderunt
750 2386 772 2413 v.
785 2364 854 2415 cont.
869 2365 904 2415 lle
917 2364 999 2413 Divin.
1012 2364 1042 2424 ΙΙ,
1058 2365 1079 2411 l.
1092 2390 1123 2399 -
1134 2362 1215 2412 Verba
1238 2362 1360 2413 «dicendi

298 2450 396 2511 copiam
411 2470 421 2491 »
442 2460 559 2515 suspecta
572 2458 644 2501 erant
656 2451 780 2512 Manutio‚
794 2452 852 2515 quia
865 2452 905 2501 bic
918 2452 950 2501 de
962 2451 1105 2511 dialectica,
1119 2464 1169 2501 uon
1183 2464 1245 2500 vero
1256 2452 1290 2501 de
1302 2451 1361 2501 rbe-

300 2538 379 2588 torica
390 2539 488 2603 agitur;
501 2540 566 2604 guod
577 2540 639 2589 satis
650 2547 703 2595 est,
720 2553 797 2602 quum
808 2546 931 2601 sequatur
949 2538 1003 2587 etsi.
1019 2567 1049 2574 —
1062 2538 1179 2587 omittam
1201 2538 1308 2587 verbum
1328 2543 1361 2587 eei

298 2636 356 2690 post
367 2648 378 2669 v
393 2640 436 2676 ars
449 2635 532 2676 tamen
547 2646 574 2688 u,
588 2627 657 2689 quod
667 2628 742 2676 abest
752 2640 767 2675 a
779 2627 855 2676 codd.
869 2627 921 2675 Erl.
935 2634 961 2675 et
973 2628 1039 2689 Spin.

330 2716 357 2770 V.
370 2715 384 2779 5
400 2718 436 2764 tl.
454 2715 535 2778 Magis
546 2715 679 2777 perspicua
696 2715 757 2764 mibi
771 2716 871 2765 videtur
890 2715 966 2765 lectio
978 2716 1054 2765 codd.
1067 2717 1107 2765 liic
1127 2717 1151 2764 in
1163 2715 1246 2766 inciso
1260 2732 1266 2762 z
1288 2736 1302 2780 «-
1313 2729 1361 2779 qua

296 2802 333 2850 tic
344 2803 401 2864 (pro
413 2801 448 2863 lii)
461 2809 566 2850 utuntur
578 2809 604 2851 et
618 2803 694 2851 vestri
707 2819 733 2860 »,·
748 2803 809 2851 nibil
822 2816 888 2865 opus
899 2804 968 2866 loqui
981 2804 1013 2853 de
1026 2803 1215 2865 Peripateticis,
1229 2804 1273 2866 qui
1285 2816 1361 2866 supra

297 2889 464 2953 designantur
484 2890 634 2952 pronomine
652 2890 699 2938 illi.
711 2918 742 2925 —
754 2890 874 2942 Omittam
894 2899 958 2954 part.
980 2893 1054 2941 etium
1073 2899 1131 2954 post
1148 2891 1224 2942 verba
1245 2898 1362 2955 «quanta

296 2978 331 3026 sit
346 2992 372 3036 »ς
393 2977 486 3040 legitur
506 2977 580 3040 paulo
600 2991 685 3041 supra.
706 3004 737 3015 —
757 2979 906 3041 Lugendum
926 2991 983 3029 esse
1002 2987 1090 3029 censet
1111 2980 1201 3029 Bobius
1220 2981 1262 3041 (de
1280 2980 1362 3044 Legg.

299 3079 323 3126 p.
332 3064 401 3123 3233:
413 3065 536 3115 «aveatris
544 3065 702 3128 pbilosophis
713 3066 806 3116 dicitur
815 3086 837 3115 u.
845 3094 874 3103 -
884 3068 898 3130 ᾗ
907 3066 945 3115 13.
955 3067 1105 3117 Ciceronem
1112 3067 1245 3129 scripsisse
1253 3068 1362 3130 opinor:

300 3174 309 3193 «
325 3154 405 3202 Pauca
425 3159 528 3211 mutat;
548 3153 604 3202 uelit
624 3153 694 3215 plura
714 3166 775 3203 saue
791 3174 810 3200 ».
836 3153 943 3203 Codices
962 3166 1051 3204 omnes
1070 3154 1185 3205 babent:
1209 3155 1272 3205 luel
1291 3156 1362 3218 plura

298 3254 359 3291 sane
374 3262 401 3300 v,
414 3254 470 3304 quae
482 3241 519 3290 sic
532 3243 672 3291 enarranda
685 3242 825 3304 Madvigius
838 3248 924 3304 putat:
939 3262 950 3285 u
964 3242 1015 3300 vel,
1028 3243 1116 3307 siquis
1127 3244 1162 3294 ita
1173 3245 1278 3306 mavult,
1291 3245 1363 3308 plura

297 3342 372 3387 sane,
392 3342 466 3391 quam
480 3342 536 3392 quae
547 3342 625 3391 pauca
637 3330 689 3380 dici
701 3330 800 3393 possint
813 3350 837 3379 ι.
858 3330 992 3393 ingeniose
1004 3331 1121 3394 quidem,
1134 3334 1180 3383 sed
1194 3333 1362 3397 ingeniosius,

297 3417 385 3475 credo,
397 3430 473 3481 quam
485 3418 588 3468 volebat
598 3417 704 3467 Tullius.

329 3506 369 3562 Vl,
382 3504 396 3569 §
409 3507 446 3555 ll.
459 3507 520 3556 Post
531 3508 626 3556 verba:
647 3526 658 3551 ι
673 3506 730 3556 linis
741 3506 783 3555 bie
796 3506 922 3557 bonorum
934 3530 959 3568 v,
980 3510 1065 3558 cuncti
1078 3509 1182 3559 codices
1191 3509 1293 3559 babent
1313 3510 1362 3561 bne

298 3594 441 3644 membrum
480 3613 492 3639 u
506 3595 550 3659 qui
561 3594 676 3645 continet
688 3594 875 3655 philosophiam
890 3614 901 3638 ι
914 3596 981 3658 quod
995 3598 1091 3657 primns
1103 3596 1205 3647 sustulit
1216 3598 1362 3658 Ernestius,

297 3684 338 3732 cui
350 3683 486 3746 obsequuti
498 3691 558 3732 suut
568 3683 705 3742 Goerenz„
719 3681 838 3741 Orellius,
855 3682 1010 3747 Madvigius,
1025 3683 1148 3733 balterus.
1168 3684 1239 3734 Unde
1254 3698 1362 3736 necesse

295 3779 335 3819 est
347 3771 470 3833 conjicias
490 3770 609 3819 nonnulla
621 3769 705 3819 minus
717 3770 802 3833 putida
815 3770 987 3820 additamenta
1004 3769 1055 3830 jam
1069 3771 1166 3832 pridem
1180 3772 1269 3821 borum
1282 3773 1362 3823 libro-

297 3874 353 3910 rum
364 3860 469 3910 codices
481 3858 613 3909 iniecisse.

327 3948 379 4007 Vll,
393 3948 405 4009 5
420 3946 458 3995 to.
473 3946 566 4010 begam
578 3959 636 3995 cum
650 3946 766 3997 Davisiot
781 3968 790 3989 v
805 3961 883 4011 quum
895 3954 978 3999 autem
989 3950 1111 4006 animum,
1124 3957 1174 3999 etc.
1190 3966 1217 4011 ιη
1238 3952 1361 4012 particula

297 4036 371 4085 deest
382 4035 408 4084 in
420 4034 554 4085 codicibus
564 4048 621 4098 quae
632 4035 672 4084 vix
684 4035 777 4087 abesse
789 4044 882 4099 potest.
902 4037 1038 4087 Lambinus
1050 4038 1153 4101 legebat
1165 4054 1172 4086 ι
1187 4060 1202 4098 ι,
1211 4043 1234 4087 ei
1245 4052 1322 4102 qurum
1337 4058 1360 4087 u.

298 4123 452 4186 compendia
471 4135 542 4173 voco.
555 4124 656 4173 unimus
672 4132 698 4175 et
713 4129 798 4175 autem
815 4127 943 4177 simillima
962 4134 1031 4178 suut.
1046 4154 1071 4163 -
1086 4127 1098 4189 fi
1111 4130 1149 4178 li.
1169 4128 1247 4179 Addit
1263 4129 1362 4179 Madvi-

298 4212 356 4273 gius
366 4218 453 4260 contra
465 4211 569 4261 codices
587 4214 734 4275 particulam
754 4229 809 4263 eum
827 4223 887 4265 ante
899 4216 975 4265 verba
996 4230 1053 4265 eum
1072 4220 1199 4275 lucratum
1217 4217 1280 4266 mibi
1299 4231 1361 4268 vern

300 4297 404 4347 verbum
424 4304 534 4348 tueretur
552 4300 661 4350 alienum
675 4302 784 4362 videtur,
803 4310 939 4364 ortumque
954 4302 986 4352 ab
1001 4304 1212 4367 interpretatione
1223 4305 1360 4355 verborum
