3325 5159
298 573 335 634 90
476 572 518 631 Du
532 583 653 636 nnonurt
663 536 780 630 norunt
791 569 828 630 ll.
843 579 1063 646 munt-mvn,
1076 567 1179 629 tta-tt.

299 712 347 764 Ed.
359 710 483 762 Woelfflin.
496 739 528 749 -
545 711 560 778 5
571 712 612 764 ut.
624 711 744 763 omittam
756 713 784 761 ot
800 715 860 761 ante
877 708 1038 775 plerumque,
1052 719 1111 760 cunr
1123 705 1226 769 Probo,
1238 705 1360 771 llanmio,

299 802 432 853 lambino.
899 834 903 840 -

327 891 434 951 xxviii,
443 891 503 957 572.
516 891 636 942 llonente
644 890 741 942 lllotzlo
749 889 978 941 seclusitltaiterus
988 903 995 939 :
1007 910 1018 932 ι
1029 887 1201 953 elegantesex
1210 885 1359 952 eligendo».

328 979 414 1043 xxix,
427 982 438 1045 5
450 981 490 1031 73.
508 980 591 1031 Verba
604 996 611 1029 ι
625 1000 637 1024 ι
651 980 772 1030 hesterno
784 980 826 1029 die
841 989 850 1022 t
864 978 944 1029 invito
961 978 1085 1029 cicerone
1103 982 1205 1027 servata
1220 981 1299 1036 sunt:
1314 975 1361 1027 de·

298 1071 392 1122 bentur
409 1072 557 1136 apographo
575 1070 671 1133 scripto
687 1070 834 1134 priusquam
855 1081 946 1120 novam
965 1068 1025 1119 libri
1043 1065 1213 1119 oecunomiam
1235 1066 1361 1117 statuerit.

297 1163 375 1212 Pravo
387 1160 568 1224 superstitione
579 1160 758 1211 defenduntur.
774 1160 851 1211 Tacet
863 1159 1020 1211 Baiterus.-
1032 1157 1121 1223 Spurla
1132 1157 1235 1209 censuit
1245 1155 1361 1213 Ursinus,

298 1252 393 1304 delevit
403 1251 529 1314 Davisius,
540 1252 646 1301 seclusit
657 1251 772 1301 Baiterus
790 1250 868 1301 verba
882 1266 888 1299 :
903 1250 1006 1301 «idest
1021 1248 1218 1313 providentiam.
1232 1267 1244 1291 ι
1257 1243 1311 1312 -5
1320 1246 1361 1296 tt.

300 1341 430 1404 Plerisque
441 1340 537 1391 criticis
556 1347 692 1403 cormptns
707 1340 808 1390 ridetur
826 1339 870 1389 itio
887 1338 969 1399 locus,
981 1351 1065 1403 neque
1077 1337 1202 1388 hactenus
1218 1335 1362 1409 remedium

297 1436 427 1493 repertum
447 1435 500 1491 est3
519 1428 605 1493 itaque
625 1428 721 1479 lacunae
738 1426 841 1492 signum
860 1428 945 1491 posuit
960 1427 1077 1478 Baitems
1095 1431 1153 1490 post
1171 1424 1267 1476 molta:
1286 1445 1298 1469 ι
1311 1423 1362 1475 ltec

299 1531 360 1569 vero
373 1519 421 1569 hoc
433 1517 459 1568 in
471 1523 497 1569 te
509 1531 586 1568 unum
598 1518 717 1569 convenit
728 1532 754 1579 »;
772 1518 892 1582 equidem
904 1516 1021 1581 suspicor
1032 1515 1170 1580 legendum
1186 1526 1245 1566 esse
1263 1513 1360 1577 vitium,

299 1620 345 1671 pro
358 1606 424 1671 vulg.
438 1619 531 1663 uoum;
542 1605 597 1655 scil.
611 1606 707 1666 vovit,
720 1605 789 1669 quod
800 1604 875 1655 iacile
887 1617 933 1668 pro
944 1603 1052 1655 lll'llllll
1069 1603 1121 1668 legi
1137 1602 1229 1667 potuit.
1247 1601 1358 1666 Madvig.

296 1696 449 1747 sententiam
461 1696 498 1746 sic
510 1695 638 1758 supplevit
651 1711 658 1744 :
671 1714 683 1738 ι
697 1694 742 1746 Vel
756 1694 843 1758 potius
853 1694 880 1743 in
893 1701 918 1745 te
935 1707 1013 1745 unum
1032 1705 1083 1745 non
1094 1692 1223 1743 contenit.
1237 1710 1250 1737 ι

329 1785 403 1844 xllx,
417 1786 479 1848 575.
493 1784 611 1835 Ernestio
627 1790 731 1834 auctore
743 1797 799 1835 voc.
814 1798 883 1848 pore,
901 1789 960 1847 post
973 1803 984 1827 ι
997 1793 1104 1848 quarum
1120 1782 1233 1845 prima»,
1246 1780 1365 1831 Baiterns

300 1875 415 1925 seclusit.
428 1900 459 1910 -
476 1874 488 1935 5
500 1876 540 1923 77.
553 1873 620 1923 Bake
633 1874 675 1936 (de
687 1874 767 1937 Legg.
780 1887 805 1935 p.
818 1872 865 1923 330
876 1878 903 1923 et
917 1872 1053 1936 s.)omittit
1068 1871 1179 1931 deorum,
1188 1870 1258 1922 luter
1273 1872 1363 1920 uotam

300 1971 326 2015 et
335 1967 482 2028 prepotens,
495 1975 553 2012 nam
565 1962 648 2025 agitur
660 1964 692 2013 de
712 1969 800 2012 natura
812 1962 965 2012 inanima-
972 1961 1103 2012 Geminam
1116 1960 1142 2009 in
1154 1961 1203 2010 ltoc
1219 1959 1247 2024 50
1257 1957 1363 2010 concin-

298 2052 398 2103 sionem
409 2052 542 2114 labemus,
555 2064 630 2114 qnam
642 2051 752 2115 gemina,
764 2051 864 2114 opinor,
877 2050 1021 2104 enunciatlo
1033 2049 1129 2115 genuit.
1138 2049 1212 2100 Prius
1224 2048 1365 2112 scripserat

300 2143 414 2193 Tullius:
428 2142 511 2191 anihil
526 2149 565 2192 est
576 2150 662 2192 autem
679 2142 912 2205 praestantinsdeo;
924 2142 957 2192 alt
974 2154 1005 2192 eo
1024 2140 1102 2206 igitur
1113 2142 1235 2191 mundum
1255 2149 1365 2191 necesse

300 2238 341 2283 est
359 2232 415 2295 regi
428 2247 451 2293 »3
469 2231 579 2281 mediam
599 2230 693 2281 deinde
712 2230 845 2281 notionem
862 2229 1051 2295 adjungendam
1069 2241 1127 2280 esse
1145 2235 1226 2291 ratus,
1245 2227 1363 2278 scilicet:

301 2344 311 2366 ι
326 2319 389 2370 nulli
400 2320 477 2383 igitur
489 2326 529 2369 est
541 2325 636 2369 naturae
647 2318 771 2369 obediens
788 2325 833 2369 aut
850 2317 983 2369 subiectus
1001 2317 1065 2369 deus
1079 2337 1100 2379 ι,
1110 2315 1229 2381 quoniam
1243 2313 1309 2364 niltll
1324 2319 1365 2365 est

299 2409 460 2473 praestantins
472 2409 537 2470 deo;
549 2407 606 2458 aliis
618 2407 705 2481 uerbis
716 2407 858 2458 conclusit:
873 2419 994 2457 «ornnem
1006 2418 1069 2470 ergo
1077 2406 1143 2469 regit
1149 2403 1206 2468 ipse
1213 2409 1331 2453 naturam
1340 2423 1363 2467 ι,

299 2499 366 2563 quod
379 2498 447 2548 idem
460 2498 526 2548 valet
538 2510 614 2561 quam
626 2498 693 2561 quod
708 2497 778 2560 prius
789 2496 891 2547 dixerat
904 2511 911 2545 τ
926 2496 979 2546 «ab
991 2508 1023 2546 eo
1034 2494 1115 2558 igitur
1124 2492 1366 2543 mundumneeesse

298 2593 338 2636 est
350 2587 404 2650 regi
415 2606 437 2647 »‚
446 2599 502 2650 quae
513 2599 669 2649 supervacua
681 2587 809 2636 sententia
821 2586 887 2635 iacta
899 2592 956 2649 est3
968 2585 1037 2636 unde
1048 2581 1226 2647 imncogallns
1233 2580 1365 2645 interpres

298 2674 407 2725 d'Oliret
418 2675 529 2739 priorem
541 2674 731 2726 conclusionem
743 2674 839 2725 omisit.

330 2764 426 2826 llllllll,
440 2764 452 2826 5
464 2765 502 2813 82.
527 2763 610 2814 Verba
620 2780 627 2811 :
636 2785 659 2821 ,ι
673 2764 741 2813 nulla
753 2763 898 2815 coltaerendi
910 2770 1000 2814 natura
1015 2783 1025 2807 ι
1039 2761 1160 2813 idoneum
1172 2772 1279 2811 sensum
1295 2771 1365 2824 pre-

300 2859 367 2903 stare
379 2852 442 2902 mihi
454 2866 505 2903 non
514 2851 645 2913 videntum
657 2853 793 2916 legendum
802 2866 860 2903 esse
872 2854 978 2917 opinor:
994 2851 1066 2903 «sola
1074 2850 1218 2903 coherente
1226 2850 1365 2910 materin=;

301 2943 369 2993 coni.
382 2943 459 2993 Acad.
473 2949 539 3006 post.
552 2942 564 3005 5
576 2942 616 2993 et.
629 2942 764 2993 Wallrerns
774 2942 929 3006 conjiciebat
944 2942 1007 3005 sota,
1020 2955 1067 3006 pro
1079 2942 1158 2992 uella.

258 3054 261 3063 =
330 3029 439 3093 xxxllt,
453 3029 513 3095 583.
527 3030 646 3081 Fortasse
662 3030 800 3095 legendum
813 3046 820 3079 ι
834 3044 912 3095 nquae
922 3043 937 3080 a
949 3036 1018 3081 terra
1030 3029 1154 3094 stirpibus
1165 3029 1330 3080 sustinentur
1342 3049 1365 3089 ι,

301 3133 347 3184 pro
359 3121 522 3171 continenter.
535 3119 605 3171 Gonl.
620 3120 631 3183 5
644 3110 697 3171 tad.
711 3119 811 3185 stirpes
823 3122 960 3183 sustinent,
973 3120 1074 3171 radices
1085 3120 1226 3171 continent.

331 3209 438 3273 xxxiv,
451 3209 465 3275 5
477 3211 518 3261 87.
535 3210 693 3260 dissentiunt
711 3211 815 3261 codices
833 3217 860 3261 et
878 3210 991 3261 editores
1014 3215 1072 3273 post
1090 3209 1197 3260 uerbum
1215 3211 1366 3265 moveatur,-

300 3298 344 3348 alil
367 3298 463 3349 habent
482 3320 493 3341 ι
508 3305 551 3349 aut
570 3312 628 3349 cum
638 3313 660 3360 »3
672 3299 716 3348 alii
729 3318 741 3344 α
753 3306 782 3349 ut
799 3313 857 3350 cum
871 3314 897 3361 ›;
908 3298 951 3349 alii
964 3318 976 3344 t
989 3305 1015 3350 et
1031 3311 1090 3350 cum
1103 3314 1131 3360 ³3
1143 3295 1282 3349 discrimen
1296 3297 1366 3348 inter

302 3388 442 3439 sententias
460 3395 487 3439 et
505 3388 585 3439 incisa
603 3388 696 3439 melius
713 3395 835 3440 cernetur
851 3389 873 3439 si
888 3389 978 3453 legas:
992 3401 1164 3450 «tetecum-3
1179 3384 1255 3451 (coni.
1269 3385 1368 3438 Grute-

301 3478 369 3529 iend.
382 3476 446 3528 ausi.
460 3478 570 3528 Gramm.
585 3477 604 3541 l,
618 3493 642 3542 p.
656 3477 712 3542 205,
726 3477 740 3543 5
753 3479 788 3543 u.)

333 3567 438 3629 lllllllll,
452 3566 517 3632 591.
539 3568 593 3619 Non
612 3568 770 3631 aspernanda
794 3574 835 3619 est
853 3568 969 3619 codicum
981 3566 1057 3618 lectio
1075 3564 1209 3623 animabili,
1229 3564 1292 3616 licet
1311 3564 1367 3615 ltetc

302 3657 381 3709 torma
393 3658 419 3707 in
431 3658 521 3709 lexicis
532 3671 584 3708 non
595 3658 749 3722 reperiatur.

332 3747 450 3811 xxxvii,
463 3746 477 3812 5
488 3747 528 3797 94.
542 3747 625 3797 Malim
638 3747 724 3812 legere
738 3763 745 3797 z
760 3769 771 3792 «
784 3748 999 3813 quemadmodum
1011 3747 1185 3806 adseverent»,
1197 3743 1367 3809 intelligendo

301 3838 390 3897 cerdo,
404 3837 471 3901 quod
484 3838 510 3887 in
522 3838 655 3902 superiore
667 3851 743 3889 versu
755 3838 857 3903 legitur.
872 3838 1009 3904 Sententiae
1021 3837 1085 3889 ordo
1092 3834 1301 3900 interrogationis
1308 3847 1369 3899 spe·

302 3927 367 3977 ciem
392 3939 442 3977 non
468 3934 579 3990 prestat.
592 3930 746 3978 -Auctore
769 3926 897 3992 Madvigio
913 3926 1030 3977 Baiterns
1046 3923 1168 3989 tectiore,
1188 3929 1247 3988 post
1260 3944 1272 3968 ι
1284 3921 1368 3974 multo

299 4015 401 4079 quidem
416 4036 426 4059 ι
441 4016 559 4079 seclusit3
571 4017 629 4081 quia
642 4017 743 4068 videtur
754 4018 869 4068 additum
882 4018 915 4068 alt
927 4018 1011 4080 aliquo
1023 4016 1067 4082 qui
1078 4029 1129 4067 non
1140 4013 1306 4067 intellexerat
1318 4033 1331 4059 ι
1339 4019 1366 4064 et

300 4103 381 4153 multo
393 4104 496 4167 quidem
510 4126 520 4149 ι
534 4105 664 4169 pertinere
676 4107 709 4157 ad
723 4126 733 4150 ι
747 4106 832 4157 minus
843 4119 951 4170 operosa
965 4119 993 4168 »;
1005 4119 1054 4171 ego
1066 4111 1153 4157 autem
1161 4103 1202 4154 rix
1210 4110 1298 4168 putem
1305 4115 1365 4154 nus

302 4199 368 4241 trum
380 4192 467 4243 verbis
480 4212 492 4237 ι
505 4201 532 4244 ct
543 4194 622 4245 multo
634 4194 738 4260 quidem
754 4215 764 4240 ι
778 4195 912 4259 periodum
924 4195 1118 4258 terminatisse3
1134 4192 1191 4257 eius
1201 4198 1316 4243 mentem
1331 4191 1367 4242 ll-

301 4282 380 4332 brarll
390 4295 441 4333 non
453 4282 648 4348 intellexerunt3
662 4285 712 4350 legi
724 4286 841 4337 volebat:
856 4306 867 4330 ι
881 4297 938 4351 quae
948 4293 1008 4338 sunt
1019 4287 1104 4337 minus
1121 4291 1147 4337 et
1162 4283 1243 4335 multo
1260 4282 1367 4348 quidem

302 4372 387 4423 minus
398 4385 563 4435 operosa·.—
569 4374 690 4438 Suspicor
701 4376 750 4427 hoc
766 4375 874 4428 incisum
885 4392 893 4426 ε
909 4376 970 4441 «qni
981 4377 1054 4429 locus
1064 4382 1105 4428 est
1116 4374 1265 4439 proximus·
1276 4383 1292 4423 a
1302 4371 1368 4423 Tul·
