3325 5159
556 574 599 632 lis
618 587 803 632 nrvrrrrrortn
821 576 844 647 l,
865 588 993 645 rii-xvir,
1008 574 1101 633 12-32.
1325 578 1361 634 99

328 712 381 775 Vll,
393 711 408 776 ὅ
420 712 460 761 la.
478 711 577 762 llabeut
588 711 707 762 codices:
722 733 733 755 «
746 711 773 761 in
785 711 971 776 significatione
984 719 1091 762 eventus
1103 730 1127 775 n,
1140 724 1197 776 quac
1213 712 1288 763 verba
1307 720 1360 763 tum

297 802 454 866 conjecturis
466 808 520 851 tum
531 800 676 851 criticorum
689 799 912 863 explanationibus
923 814 1009 851 ausam
1025 802 1168 863 dederunt;
1184 803 1304 867 equidem
1323 803 1360 854 le-

297 905 373 955 gam:
387 913 398 934 ι
412 891 438 940 in
449 890 627 940 sollicitatione
639 897 746 940 euentus
761 904 789 950 »ς
801 890 896 940 etenim
908 899 936 940 ut
946 891 1179 942 animadvertantur
1190 893 1262 957 signa
1274 900 1299 942 et
1311 905 1360 943 no·

298 988 394 1042 tentur,
408 992 514 1029 necesse
526 986 566 1029 est
577 987 678 1028 mentes
689 986 797 1029 eventus
812 979 990 1042 expectatione
1007 988 1156 1031 moveantur
1174 988 1201 1032 et
1218 981 1358 1032 attendant.

297 1068 369 1119 tlonl.
382 1080 439 1132 quae
450 1068 592 1117 notavimus
603 1068 635 1117 ad
647 1067 730 1117 locum
743 1068 771 1115 lt.
786 1067 814 1116 b.
829 1067 848 1129 l,
861 1067 875 1132 5
887 1067 926 1117 ald.
938 1096 969 1104 -
981 1069 1096 1119 Davisius
1107 1069 1217 1120 malebat
1232 1071 1361 1134 prodenti-

298 1157 397 1221 batque,
413 1169 458 1219 pro
467 1156 660 1220 prodeudlapum
672 1168 757 1205 rronne
769 1157 849 1206 satius
865 1166 905 1207 est
917 1157 1020 1221 legere:
1030 1158 1209 1222 probandisque
1218 1159 1231 1207 .⁹
1240 1158 1297 1208 scil.
1311 1158 1360 1209 lide

296 1246 391 1311 dignis.

331 1336 372 1397 tx,
387 1336 449 1398 515.
465 1334 571 1397 Legitur
583 1335 609 1383 in
622 1335 696 1384 codd.
711 1334 857 1399 plerisque:
873 1357 883 1379 ι
897 1336 944 1386 sed
955 1336 1023 1386 inest
1035 1337 1060 1386 in
1073 1337 1173 1387 reviset
1185 1336 1358 1393 ranunculis»,

297 1426 367 1490 qnod
379 1427 416 1476 sic
428 1425 509 1476 edidit
520 1425 645 1475 Clrristius
655 1425 681 1473 in
693 1425 756 1475 edit.
768 1426 828 1475 Tur.
841 1439 899 1475 cum
910 1426 1062 1489 corruptelae
1073 1428 1147 1491 signo
1157 1442 1164 1489 ;
1176 1427 1286 1478 feliciter
1302 1435 1361 1477 ter-

298 1523 352 1566 tum
364 1515 503 1579 genuinum
516 1514 630 1564 Baiterus
642 1514 754 1564 restituit
771 1514 918 1572 scribendo,
937 1529 967 1564 ex
984 1516 1048 1564 Plin.
1061 1516 1090 1565 ll.
1103 1518 1133 1565 ll.
1146 1516 1243 1579 llllllll,
1255 1519 1295 1579 50,
1310 1536 1321 1561 ι
1335 1519 1361 1567 in
1410 1542 1411 1545 ¹

299 1604 398 1653 rubetis
411 1622 434 1664 ι,
446 1604 472 1651 in
484 1603 525 1653 ed.
540 1602 609 1665 Lips.
622 1604 648 1651 c.
663 1603 689 1651 F.
703 1603 744 1654 W.
759 1603 857 1652 llirller.
870 1610 956 1653 autem
969 1605 1072 1667 conjicit
1083 1605 1170 1663 corula,
1183 1618 1230 1667 pro
1245 1606 1318 1655 reela.
1330 1634 1361 1642 -—

297 1693 364 1759 §ld
377 1694 526 1758 Legendum
538 1694 645 1757 opinor:
660 1714 669 1735 ι
685 1694 733 1743 Nec
746 1694 792 1743 boc
804 1694 921 1756 equidem
933 1705 1018 1757 quaero
1032 1714 1054 1757 »,
1066 1694 1133 1758 quod
1143 1696 1223 1758 magis
1230 1696 1362 1758 scriptoris

298 1785 379 1835 menti
392 1785 547 1847 respondet,
560 1783 603 1848 qui
615 1783 694 1833 dixit:
710 1803 719 1826 ι
734 1796 784 1833 non
796 1796 882 1847 quaero
894 1797 940 1833 cur
954 1803 976 1843 a,
989 1791 1015 1833 et
1032 1797 1088 1834 mox
1108 1784 1193 1833 dicet:
1213 1803 1224 1828 ι
1238 1784 1286 1834 lroc
1305 1797 1360 1835 sum

297 1880 464 1924 contentus».
478 1872 604 1922 Christius
614 1871 721 1921 scribit:
737 1873 793 1922 ·lle
803 1873 842 1921 lic
852 1884 877 1935 q.
891 1886 916 1935 q.
927 1892 947 1920 ».
960 1872 1040 1923 Codd.
1052 1872 1149 1922 babent
1160 1885 1229 1923 «nec
1241 1873 1290 1923 boe
1301 1887 1327 1937 q.
1339 1893 1361 1922 ι,

298 1991 329 2001 -
342 1964 446 2027 Legitur
458 1962 484 2011 in
495 1961 572 2012 codd.
586 1982 597 2004 ι
606 1975 657 2025 quo
668 1962 779 2025 quidque
793 1960 836 2011 liat
848 1961 964 2026 ignorem
975 1984 985 2003 ·
996 1976 1004 2021 3
1015 1961 1113 2013 addidit
1125 1962 1196 2011 modo
1209 1961 1318 2012 Orellius
1330 1975 1360 2012 ex

298 2055 374 2106 codd.
386 2054 466 2103 Oxou.
478 2067 485 2113 ;
498 2053 594 2102 lacunae
605 2053 706 2116 signum
720 2052 804 2116 posuit
815 2053 920 2103 doctiss.
935 2053 1001 2103 Guil.
1013 2053 1148 2116 cbristius,
1160 2053 1253 2104 Baiteri
1265 2060 1292 2104 et
1303 2054 1361 2103 llal-

299 2143 345 2193 mii
355 2142 451 2204 socius‚
463 2141 576 2191 addens:
591 2164 601 2184 ι
617 2141 674 2192 ride
686 2155 719 2191 ne
731 2142 808 2192 lateat
819 2143 922 2206 antiqua
935 2143 1060 2205 scriptura
1071 2156 1133 2206 quor
1146 2164 1156 2184 ‚
1169 2157 1176 2203 ;
1188 2143 1306 2207 equidem
1325 2143 1361 2194 le·

297 2246 372 2297 gam:
387 2252 397 2275 «
411 2246 488 2297 quare
499 2232 611 2295 quidque
623 2230 666 2281 liat
677 2231 792 2294 ignorem
808 2252 830 2289 ».
843 2231 912 2295 quod
924 2232 1062 2296 respondet
1073 2232 1104 2282 iis
1116 2245 1171 2295 quae
1182 2245 1258 2295 supra
1270 2208 1380 2296 legun-'

299 2328 356 2373 tur:
372 2342 383 2364 «
397 2335 443 2371 cur
456 2322 511 2370 brec
523 2321 600 2370 arbor
611 2332 659 2370 una
673 2327 711 2370 ter
725 2321 822 2379 floreat,
836 2329 886 2371 etc.
900 2339 913 2365 u
926 2329 953 2371 et
969 2320 1000 2370 iis
1018 2333 1074 2384 quae
1092 2320 1173 2370 inira:
1195 2334 1263 2371 «cur
1281 2322 1362 2384 possit

298 2412 387 2461 nescio
401 2425 431 2470 »;
446 2431 456 2453 ι
470 2422 527 2474 quae
537 2422 613 2460 causa
625 2409 668 2467 sit,
680 2409 767 2459 nescio
781 2426 802 2454 u.

329 2499 383 2557 llll,
396 2500 408 2562 5
420 2499 460 2549 ta.
472 2499 515 2561 (v.
528 2498 583 2562 to.)
596 2500 645 2549 Pro
656 2498 758 2547 numine
769 2498 839 2561 quod
851 2498 892 2547 rix
905 2498 1025 2548 convenit
1037 2511 1094 2547 cnm
1106 2497 1157 2562 adj.
1169 2502 1272 2557 uetusto,
1287 2499 1361 2549 relim

298 2588 385 2653 legere
397 2588 525 2646 columine,
538 2587 594 2638 scil.
608 2586 712 2649 templo,
727 2593 805 2647 tecto,
818 2585 935 2638 aedilicio.

328 2678 394 2738 lllll,
407 2676 470 2740 §23-
480 2676 627 2740 Legendum
635 2688 694 2726 esse
706 2688 811 2738 censeo,
819 2689 865 2725 seu
876 2690 882 2723 z
893 2695 904 2718 ι
914 2674 976 2733 Quid
986 2674 1095 2739 ‘lquaerit
1103 2675 1246 2726 Carneades
1254 2676 1361 2726 cnrbaec

297 2768 332 2819 ita
344 2767 406 2817 liant
419 2785 443 2829 »‚
455 2779 517 2816 seu:
531 2787 542 2809 ι
557 2765 620 2826 Quid
634 2766 736 2828 queris,
749 2768 778 2814 ut
789 2764 942 2827 Carneades,
955 2762 1077 2826 curbare,
1095 2770 1146 2814 etc.
1160 2784 1182 2811 ι.
1195 2763 1285 2813 Forma
1298 2762 1361 2816 Gar-

296 2856 653 2907 necdcsroeatirimunusnon
661 2854 756 2916 explet.
765 2853 1009 2917 Lambinuslegebat
1017 2852 1142 2904 Carneade
1149 2865 1215 2910 ,·non
1224 2866 1362 2903 rerocom·

299 2946 376 3009 pellat
387 2944 542 2996 Carneadem
554 2944 671 3004 Quintus,
684 2942 804 3006 quoniam
815 2941 880 2991 inira
897 2940 1007 3005 legitur:
1029 2963 1039 2985 ι
1053 2941 1165 3004 lingebat
1183 2941 1334 2991 Carneades.
1350 2962 1359 2983 ι

330 3036 382 3097 xv,
395 3036 408 3098 5
419 3034 459 3085 28.
477 3034 625 3084 ciceronem
637 3032 771 3095 scripsisse
782 3030 914 3094 suspicor:
930 3052 940 3074 ι
954 3030 1026 3090 Quod
1038 3030 1253 3093 autemscriptum
1262 3030 1362 3081 babetis

298 3124 420 3176 sommam
433 3124 571 3187 tripudium
583 3122 640 3172 lieri
654 3133 754 3182 »3nam
767 3120 868 3172 ridetur
885 3120 1021 3170 discrimen
1041 3120 1109 3170 inter
1127 3127 1263 3183 utrumque
1280 3120 1360 3183 tripu·

298 3215 369 3266 dium
381 3226 523 3265 memorare
537 3212 610 3263 relle.
625 3211 744 3262 Omittam
757 3224 818 3261 vero
835 3211 944 3261 incisum
964 3210 1013 3261 «si
1031 3223 1062 3260 ex
1082 3222 1111 3261 ea
1128 3210 1189 3274 quid
1208 3210 1233 3259 in
1252 3210 1361 3261 solidum

298 3303 423 3355 ceciderit
436 3322 459 3365 r,
472 3302 540 3367 quod
552 3302 673 3353 abundat.
687 3301 795 3352 Codices
806 3300 978 3358 dissentiunt;
990 3299 1033 3349 alii
1046 3300 1143 3350 babent
1154 3303 1198 3349 cut
1218 3299 1362 3364 tripudium,

297 3394 341 3444 alii
351 3395 409 3443 binc
428 3393 486 3457 trip.
506 3392 599 3442 Christ.
620 3392 737 3455 scripsit:
753 3411 763 3435 ι
783 3390 823 3440 aul
835 3390 929 3454 tripud.
943 3388 1000 3440 beri
1014 3409 1036 3453 ι,
1049 3389 1153 3453 conjicit
1165 3404 1173 3438 t
1185 3409 1195 3434 ι
1209 3389 1361 3440 solistimum

297 3484 340 3533 ari
352 3484 410 3546 trip.
422 3501 445 3531 ι.

331 3569 406 3631 llVll,
419 3568 482 3632 §³⁰-
500 3568 576 3629 Quasi
586 3567 715 3631 glossema
727 3562 872 3628 secludunt,
886 3580 944 3617 eum
958 3566 1084 3617 Lambino
1102 3575 1129 3617 et
1139 3566 1236 3630 Lipsio‚
1250 3566 1365 3618 nonnulli

299 3661 413 3711 editores
424 3657 584 3709 membrum:
599 3679 609 3700 «
623 3656 649 3707 id
662 3665 701 3707 est
712 3656 846 3706 incurvum
857 3663 884 3706 et
896 3656 987 3707 leviter
998 3669 1012 3706 a
1024 3669 1124 3707 summo
1140 3656 1261 3707 inflexum
1280 3654 1363 3705 bacil-

300 3751 362 3811 lum,
375 3750 444 3813 quod
455 3748 488 3799 ab
500 3749 557 3799 eius
569 3747 635 3808 litui,
647 3759 698 3809 quo
710 3746 819 3807 canitur,
832 3746 999 3797 similitudine
1012 3759 1105 3796 nomen
1124 3745 1221 3795 invenit
1235 3758 1263 3805 »;
1275 3744 1301 3793 iu
1314 3744 1363 3793 bec

299 3845 385 3889 antem
397 3837 529 3889 Ciceronis
539 3849 641 3886 manum
653 3835 716 3885 mibi
728 3848 869 3898 agnoscere
882 3836 987 3895 videor,
1000 3835 1044 3898 qui
1056 3834 1145 3884 lituum
1166 3833 1199 3883 ita
1218 3830 1364 3893 descripsit,

299 3942 351 3993 quo
363 3924 508 3991 prodigium
518 3926 587 3975 illius
600 3931 657 3988 post
668 3924 746 3974 curie
759 3924 966 3987 deflagrationem
978 3922 1132 3986 integritatis
1146 3920 1239 3971 melius
1256 3931 1362 3982 appare-

299 4024 347 4068 ret.
360 4016 454 4067 (lbrist.
467 4015 535 4065 idern
547 4015 647 4065 ridetur
659 4026 779 4073 censere;
790 4014 882 4063 Baiter.
894 4020 978 4063 autem
990 4012 1016 4061 in
1027 4012 1069 4062 ed.
1080 4011 1150 4073 Lips.
1158 4009 1241 4061 locum
1249 4008 1363 4058 seclusit.

299 4133 331 4144 -
343 4107 355 4168 5
366 4107 406 4156 31.
420 4106 523 4168 llayser.
535 4105 622 4169 legere
636 4104 696 4154 velit
710 4125 720 4147 ι
734 4104 759 4153 tn
779 4110 867 4166 quarta
881 4117 904 4167 p.
920 4123 940 4150 ι.
954 4130 984 4137 -
995 4101 1094 4151 Verba:
1115 4120 1124 4143 ι
1141 4100 1166 4149 in
1186 4098 1290 4163 regione
1308 4098 1365 4149 dis-

300 4192 394 4247 tributa
410 4216 419 4238 ι
433 4195 524 4246 scholii
535 4195 648 4258 speciem
661 4194 766 4244 babent.
779 4193 917 4243 Lambinus
933 4192 1035 4255 legebat
1053 4191 1104 4240 «in
1121 4191 1240 4254 regiones
1255 4203 1284 4248 »3
1299 4194 1326 4237 at
1341 4187 1363 4237 si

300 4288 334 4338 de
344 4287 423 4337 altera
435 4285 615 4336 distributione
629 4293 760 4349 ageretur,
771 4284 913 4335 addidisset
925 4282 1034 4345 scriptor
1050 4296 1138 4331 rursus
1156 4294 1201 4332 seu
1219 4280 1319 4329 ilerum.
1331 4304 1362 4314 -

300 4375 364 4442 532.
378 4374 488 4426 Verbum
500 4373 623 4425 consuluit
634 4374 750 4437 spurium
761 4370 894 4422 ridebatur
907 4370 1043 4432 Ernesti03
1056 4369 1230 4433 llottingerus,
1243 4367 1364 4431 probante
