3325 5159
355 658 404 715 tal
700 655 828 724 Lrnmus,
848 665 952 724 annm,
967 653 1063 711 37-51.

352 796 532 846 «inveteratas
549 793 732 844 familiaritates
755 812 765 836 »
785 792 870 843 verbis
890 810 902 837 u
915 792 973 844 odia
992 792 1146 855 sempiterna
1164 806 1191 852 »;
1211 792 1307 854 pariter
1322 791 1416 841 dicitnr

351 886 504 935 inveteratur
515 885 548 934 de
560 884 628 934 ltono
641 891 667 933 et
679 884 711 933 de
719 883 794 933 malo.

381 974 423 1033 xl,
435 974 447 1037 ς
458 973 498 1023 37.
516 972 616 1034 Herito,
629 979 715 1022 contra
728 971 815 1021 Orellii
826 972 981 1035 opinionem,
997 971 1095 1021 Blossio
1111 971 1227 1022 attribuit
1245 971 1358 1021 Halmius
1375 979 1415 1021 to-

351 1070 401 1113 tam
412 1062 565 1112 sententiam
579 1076 585 1109 :
600 1061 670 1111 «sed
682 1061 704 1110 si
718 1061 840 1110 voluisset
851 1061 1000 1122 paruissem.
1014 1087 1044 1096 -
1057 1060 1158 1123 Kayser.
1173 1059 1235 1109 velit
1246 1060 1343 1110 addere
1355 1073 1417 1109 ver-

351 1152 382 1201 ba
397 1158 596 1210 «comesset»,
612 1158 668 1213 post
689 1149 760 1199 «hac
778 1150 888 1199 amentia
904 1164 932 1210 ·;
952 1149 1071 1212 equidem
1090 1149 1220 1199 secludam
1241 1162 1319 1199 voces
1341 1168 1353 1193 α
1368 1149 1415 1198 itae

350 1242 492 1302 amentia»,
505 1252 562 1303 quae
572 1239 663 1289 scholii
675 1238 934 1301 speciemhaBent.—
946 1239 959 1303 ᾖ
972 1238 1012 1288 38.
1026 1239 1105 1288 Halm.
1119 1238 1266 1288 Schi'ttziutn
1274 1238 1414 1301 legentem,

353 1339 480 1396 praeeunte
492 1332 610 1390 cantero,
622 1336 710 1379 contra
722 1329 825 1379 codices
839 1345 845 1377 :
860 1350 870 1372 «
884 1328 994 1392 perlecta
1006 1328 1109 1392 quidem
1121 1330 1247 1379 sententia
1262 1329 1285 1377 si
1299 1328 1379 1379 simus
1392 1348 1414 1391 »,

351 1422 418 1472 bene
430 1428 534 1470 secutus
545 1427 593 1480 est,
608 1432 653 1481 pro
666 1419 732 1482 vulg.
748 1440 758 1462 ‹
772 1431 861 1468 sumus
873 1418 895 1468 si
908 1438 930 1479 r,
945 1419 984 1468 rel
1001 1437 1012 1462 r
1025 1418 1105 1468 simus
1116 1419 1138 1468 si
1153 1438 1173 1466 ».

382 1510 436 1570 illl,
449 1508 463 1573 S
475 1508 513 1557 ll.
533 1507 626 1570 Legam
637 1520 695 1556 cnm
707 1506 814 1562 Klotzio,
831 1506 873 1555 cui
893 1506 1005 1555 Halmius
1021 1505 1226 1568 obtemperauit:
1248 1524 1259 1549 a
1273 1519 1415 1570 quocunque

352 1598 428 1647 modo
441 1596 568 1659 potuimus
582 1615 604 1656 u,
618 1609 664 1658 pro
677 1613 689 1638 a
703 1596 887 1659 quoquomodo
902 1616 923 1655 ι,
941 1607 997 1658 quae
1012 1595 1089 1645 lectio
1106 1596 1160 1644 Car.
1181 1594 1277 1658 Langio
1295 1594 1414 1645 debetur.

351 1686 430 1736 cnud.
443 1686 539 1735 habent
552 1705 561 1727 ι
576 1698 677 1748 quoque
689 1698 764 1748 quem
778 1684 853 1734 modo
867 1685 994 1747 potuimus
1008 1704 1029 1742 r,
1042 1684 1098 1733 sine
1109 1696 1197 1733 sensu.

383 1775 447 1838 xlll,
461 1775 525 1838 §tt
544 1774 661 1825 Nonnihil
673 1772 788 1836 offendit,
801 1773 835 1823 ob
847 1772 1038 1823 similitudinem
1051 1768 1121 1835 llll,
1135 1773 1214 1835 prima
1227 1772 1302 1835 hujus
1314 1771 1336 1835 §i
1354 1786 1417 1845 sen·

353 1864 430 1914 tentia
441 1878 448 1925 ;
460 1864 545 1927 itaque
558 1863 639 1926 legam
652 1876 709 1911 cum
723 1862 847 1912 Goereuz.
862 1877 868 1910 ε
884 1862 941 1912 «Sit
953 1862 1005 1911 haec
1018 1862 1096 1925 igitur
1108 1861 1186 1925 prima
1200 1862 1240 1911 lex
1252 1862 1379 1924 amicitiae,
1389 1868 1417 1911 ut

305 1995 310 2004 .
350 1952 383 2001 ab
395 1952 483 2001 amicis
495 1952 600 2002 honesta
614 1960 728 2014 petamus
741 1970 764 1998 tt.
777 1951 813 2001 stt
824 1951 947 2001 omissum
959 1959 999 2001 est
1017 1951 1043 2000 in
1062 1952 1186 2013 principio
1204 1952 1263 2014 quia
1282 1951 1417 2015 legebatur

350 2025 499 2104 posthume,
513 2040 557 2090 ubi
568 2039 659 2090 abesse
673 2048 772 2103 potest;
783 2054 815 2091 eu
826 2040 922 2091 omisso
933 2041 1047 2091 additum
1059 2039 1106 2090 luit
1118 2040 1224 2090 verbum
1243 2041 1369 2090 condatur
1384 2056 1415 2091 ex

351 2129 365 2192 5
377 2130 417 2186 40,
429 2130 497 2192 quod
508 2128 535 2178 in
546 2129 696 2193 quibusdam
709 2130 850 2191 codicione,
865 2130 1005 2180 secundum
1017 2128 1153 2179 Gruterum
1165 2131 1191 2179 in
1203 2131 1253 2180 Pal.
1267 2130 1292 2189 2,
1300 2131 1417 2181 haudin-
1450 2115 1454 2123 ⁵

352 2218 460 2267 venitur.
472 2246 501 2253 -
515 2219 567 2267 Non
580 2218 698 2281 displicet
709 2218 799 2269 Clerici
811 2219 957 2282 conjectura
969 2218 1077 2282 legentis
1091 2235 1097 2268 :
1113 2240 1123 2262 ι
1137 2220 1270 2270 consilium
1284 2234 1345 2271 vero
1361 2222 1416 2271 duri

351 2308 501 2370 prodeamus
514 2307 593 2356 lihere
608 2320 707 2368 »;nam
718 2308 822 2357 codices
834 2307 887 2357 lere
903 2320 992 2358 omnes
1010 2307 1105 2357 habent
1123 2308 1281 2371 prodeamus,
1303 2316 1329 2358 et
1349 2308 1415 2359 bene

351 2406 495 2461 congruunt
507 2410 565 2446 cum
577 2398 624 2447 lrac
637 2398 739 2461 legendi
751 2397 849 2447 ratione
863 2398 938 2447 verba
951 2397 1192 2461 quaesnbjiciuntur.
1201 2424 1232 2433 -
1244 2399 1256 2459 §
1268 2399 1307 2448 45.
1317 2399 1414 2448 Halim:

353 2507 365 2529 ι
378 2486 429 2536 lam
441 2486 602 2549 quibusdam,
620 2493 671 2537 etc.
686 2507 708 2549 ι,
730 2500 775 2550 pro
793 2488 866 2537 Nam.
885 2515 917 2524 -
936 2488 1003 2538 Bene
1024 2488 1134 2539 restituit
1151 2488 1197 2538 ridi
1214 2488 1336 2549 Halmius,
1355 2498 1415 2539 ante

354 2599 364 2621 «
378 2591 480 2627 suarum
493 2578 585 2640 cuique
598 2598 608 2619 ι
622 2578 689 2640 qurud
703 2585 761 2640 post
778 2577 924 2628 Hruestium
943 2578 1051 2629 Orellius
1070 2579 1198 2628 omiserat.
1210 2606 1241 2613 -
1253 2579 1265 2641 ξ
1276 2579 1316 2630 47.
1333 2578 1416 2629 Verba

354 2682 432 2719 «cum
445 2669 527 2732 aliqua
539 2681 599 2718 cura
610 2687 620 2711 »
633 2669 795 2731 glossematis
806 2669 919 2732 speciem
931 2668 1034 2719 habent.
1048 2697 1076 2704 -
1090 2671 1102 2733 ξ
1115 2672 1155 2720 48.
1168 2670 1281 2720 Geminae
1292 2671 1416 2720 enuncia·

353 2757 430 2808 tionis
442 2757 549 2820 vestigia
562 2757 641 2807 latere
660 2758 778 2807 ridentur
796 2758 821 2807 iu
840 2758 926 2807 ultima
945 2770 1000 2820 cap.
1021 2757 1076 2807 Xlll
1094 2759 1241 2808 sententia:
1262 2776 1274 2803 u
1288 2772 1339 2808 non
1359 2758 1416 2821 plus

352 2859 427 2911 quam
440 2853 467 2897 ut
479 2847 595 2908 virtutes,
607 2848 665 2910 quia
678 2847 811 2897 nonnullas
822 2860 896 2897 curas
908 2848 1071 2898 etmolestias
1079 2847 1206 2906 adserunt,
1216 2847 1383 2911 repudientur
1393 2868 1415 2908 n,

352 2948 408 2998 quae
420 2948 470 2985 non
483 2936 539 2985 sine
551 2936 659 2998 quadam
672 2936 695 2984 vi
712 2949 768 2985 cum
786 2936 864 2999 priori
882 2937 1049 2987 connectitur.
1067 2935 1162 2999 Opinor
1180 2935 1327 2986 Ciceronem
1346 2936 1416 2999 prius

351 3024 505 3087 scripsisse:
520 3046 530 3067 ι
544 3037 595 3074 non
607 3024 664 3087 plus
676 3024 745 3089 (scil.
758 3037 839 3088 angor
852 3024 933 3087 valet)
946 3039 1020 3090 quam
1032 3038 1100 3076 curae
1111 3027 1196 3076 valent
1207 3033 1234 3075 ut
1252 3025 1360 3076 virtutes
1372 3038 1416 3075 re-

352 3113 488 3176 pudientur
502 3133 523 3173 »,
536 3119 561 3163 et
574 3114 667 3163 deinde
681 3128 687 3161 :
704 3137 713 3157 ι
727 3127 811 3178 neque
823 3121 851 3165 ut
863 3116 979 3177 virtutes,
992 3114 1051 3178 quia
1068 3115 1202 3165 nonnullas
1220 3126 1294 3164 curas
1311 3122 1338 3163 et
1356 3127 1416 3164 mo-

352 3202 438 3253 lestias
448 3203 577 3263 adierunt,
589 3204 755 3266 repudientur
768 3223 791 3263 o,
803 3205 858 3254 sire
873 3225 884 3248 ι
897 3218 957 3253 nom
970 3204 1026 3267 plus
1036 3217 1111 3269 quam
1124 3205 1145 3253 εἰ
1156 3206 1262 3255 virtutes
1265 3240 1323 3254 ......
1336 3218 1415 3267 repu-

352 3290 473 3341 dientur?
488 3310 501 3337 »

382 3381 443 3432 xlv.
457 3382 551 3445 Legum
562 3394 608 3431 seu
622 3396 628 3430 :
644 3403 654 3425 ‹
668 3382 803 3433 contrahas
814 3382 951 3433 amicitiam
964 3401 993 3444 »,
1007 3394 1054 3432 seu
1070 3403 1080 3426 ι
1094 3382 1258 3433 contrahatur
1264 3382 1375 3433 amicitia
1385 3398 1414 3444 ις

351 3470 393 3519 vix
405 3477 492 3534 putem
502 3471 611 3521 Tullium
623 3471 731 3535 intelligi
743 3471 853 3521 voluisse
865 3471 943 3521 uirtus
955 3472 1142 3535 postumatum
1154 3472 1294 3534 praesertim
1302 3473 1414 3523 cumad-

351 3560 393 3611 dat
406 3574 413 3607 ε
429 3580 438 3602 ι
454 3559 476 3609 si
488 3571 537 3623 qua
549 3558 701 3623 significatio
715 3560 812 3610 virtutis
825 3560 925 3609 eluceat
939 3580 959 3608 ι.
973 3588 1004 3596 -
1015 3559 1029 3623 §
1041 3560 1081 3609 tu.
1094 3560 1209 3623 Optimos
1216 3561 1291 3611 codd.
1301 3561 1414 3612 BHPse-

352 3656 426 3699 cutus
439 3648 532 3698 Baiter.
544 3648 635 3698 scribit
653 3649 679 3698 in
693 3650 735 3700 ed.
749 3649 817 3712 Lips.
831 3650 965 3708 animante,
986 3663 1032 3714 pro
1049 3650 1117 3713 vulg.
1132 3671 1142 3694 «
1155 3650 1240 3701 animo
1251 3657 1336 3701 autem
1350 3666 1378 3712 »3
1390 3659 1417 3702 at

352 3737 392 3787 rix
405 3738 496 3788 abesse
509 3742 700 3800 potestantem,
715 3752 762 3788 nec
774 3739 840 3789 solet
851 3740 889 3789 uti
900 3738 997 3790 Tullius
1009 3753 1064 3791 voc.
1078 3740 1192 3789 animum
1205 3754 1250 3803 pro
1263 3754 1319 3791 roc.
1333 3741 1413 3791 tomo.

352 3828 471 3878 Fortasse
482 3826 633 3890 legendum,
646 3840 678 3877 ex
690 3827 705 3892 5
715 3828 762 3886 55,
783 3848 793 3870 «
813 3829 892 3879 amico
911 3836 996 3880 autem
1011 3848 1032 3876 a.
1053 3857 1083 3866 -
1096 3830 1109 3895 5
1122 3830 1162 3880 50.
1179 3830 1278 3894 Sequor
1291 3830 1416 3881 Halmium

352 3913 479 3978 legentem
494 3936 505 3958 ι
520 3922 570 3964 tam
581 3914 669 3965 illiciat
680 3922 706 3965 et
717 3915 826 3966 attrahat
841 3935 869 3976 r,
890 3930 935 3980 pro
957 3917 1026 3981 vulg.
1042 3938 1052 3961 ι
1074 3924 1101 3967 et
1121 3926 1170 3968 tam
1190 3918 1310 3969 trahat».
1327 3945 1359 3955 ·—
1370 3920 1416 3970 Vix

351 4011 409 4066 post
420 4008 514 4053 constet
525 3999 617 4053 abesse
630 4009 714 4066 potest
726 4005 833 4055 verbum
845 4020 910 4067 erre,
931 4007 1000 4069 quod
1011 4006 1131 4057 omittunt
1143 4006 1223 4057 Halm.
1237 4014 1263 4057 et
1275 4009 1367 4058 Baiter.
1382 4023 1413 4059 ex

350 4093 455 4157 optimis
468 4094 544 4143 codd.
556 4093 636 4151 ellim
647 4092 691 4142 alii
703 4093 777 4144 codd.
791 4094 817 4144 id
830 4094 925 4145 liabent
937 4102 994 4158 post
1006 4108 1061 4145 voc.
1071 4096 1277 4154 teoeoounttam,·
1298 4098 1416 4160 equidem

351 4181 377 4232 id
390 4194 482 4244 ponam
493 4181 560 4230 iuter
573 4181 647 4231 donor
658 4188 685 4231 et
696 4182 775 4245 quael.
788 4208 820 4217 -
830 4183 843 4245 ς
855 4182 895 4232 51.
909 4182 992 4232 Facile
1011 4195 1110 4233 caream
1129 4197 1184 4234 voc.
1194 4184 1343 4248 profectum,
1357 4193 1416 4236 ante

352 4271 496 4320 iocundum.
508 4298 539 4306 -
551 4271 648 4322 Addam
660 4278 719 4321 cuni
729 4272 820 4323 Beiero
832 4272 883 4336 adi.
893 4272 991 4336 praedtti
1003 4279 1060 4335 post
1068 4274 1187 4337 preasidii.
1201 4301 1230 4311 -
1244 4274 1338 4338 Legem
1350 4275 1417 4325 iodi-

353 4364 421 4423 pent,
436 4373 494 4412 cum
508 4360 617 4419 Baitero,
629 4374 661 4411 ex
672 4362 730 4412 cod.
742 4361 775 4410 H.
788 4388 820 4397 —
830 4361 857 4412 Si
867 4373 957 4412 serres
970 4375 1013 4420 ne,
1026 4367 1085 4411 ante
1100 4381 1110 4404 ι
1124 4374 1189 4425 opus
1200 4363 1234 4413 sit
1244 4382 1266 4425 ι,
1278 4362 1416 4426 legendum

354 4455 410 4498 est:
426 4448 513 4499 «haud
524 4448 603 4498 sciam
614 4462 646 4498 au
659 4461 691 4499 ne
704 4462 767 4512 opus
780 4450 814 4499 sit
825 4449 928 4513 quidem
936 4463 986 4499 oon
993 4449 1056 4498 nihil
1066 4462 1181 4512 umquam
1189 4450 1281 4501 deesse
1288 4451 1377 4501 amicis
1385 4465 1415 4509 »;
