3325 5159
1018 457 1029 482 b

306 576 339 631 ’li
434 573 669 631 Tusuuunnnnuu
684 586 915 648 urseurnrrouuu
931 574 975 642 lv,
992 588 1116 644 rx-xmr,
1132 576 1239 634 llio.

338 712 382 771 tx,
399 712 411 773 ξ
429 711 468 760 et.
491 710 607 760 Lambini
624 711 812 761 correctionem
832 731 842 753 ι
860 710 950 760 ιιιιιιιιο
969 712 1053 760 animo
1068 729 1080 755 ιι
1097 725 1144 775 pro
1163 714 1233 777 vulg.
1258 714 1368 764 «intimo

304 800 358 849 odiu
372 822 399 860 ι,
416 807 519 849 auctore
531 799 728 862 Wesenbergio,
747 799 851 849 admisit
864 799 956 849 merito
970 799 1095 853 mirerus.

337 888 383 946 xl,
403 888 415 949 5
432 887 472 937 25.
494 887 540 937 llic
558 886 735 945 manifestum,
754 887 781 935 ni
801 885 883 947 lallor,
903 887 1012 950 geminae
1033 887 1217 939 elaborationis
1236 889 1369 952 uestigiu-

304 977 400 1025 subest.
417 976 499 1028 Prius.
512 975 612 1037 opinor,
625 974 766 1036 scripserat
776 975 891 1024 'lulliusz
909 994 922 1020 ιι
938 975 979 1025 sic
991 975 1080 1039 gloriae
1091 976 1240 1038 cupiditas,
1251 978 1370 1027 muliero·

303 1065 366 1115 sitas
380 1102 386 1113 .
401 1102 406 1112 .
422 1064 573 1126 .cetcrique
592 1062 710 1113 similiter
728 1063 812 1113 morbi
828 1064 1061 1127 aegrotationesque
1078 1072 1228 1115 nascuntur.
1243 1087 1255 1109 ι
1276 1067 1370 1117 Deinde

302 1155 444 1205 orationem
459 1154 493 1202 ita
506 1152 632 1201 mutavit:
652 1173 662 1194 ι
675 1151 849 1215 Similiterque
862 1153 943 1202 ceteri
956 1153 1040 1202 morbi
1058 1161 1086 1203 ut
1097 1154 1132 1216 gl.
1145 1166 1216 1217 cup,
1237 1162 1267 1205 ot
1278 1156 1368 1213 mul...,

303 1240 427 1313 φιλογινιά
450 1239 544 1289 dicitur
557 1253 586 1298 »3
611 1238 706 1288 omisso
724 1238 803 1287 uerbo
827 1240 948 1288 exsistunt
971 1239 1039 1301 quod
1058 1238 1134 1289 facile
1152 1240 1263 1304 intelligi
1280 1248 1369 1304 potest.

303 1328 412 1377 librarii
424 1333 555 1388 utramque
569 1324 674 1373 iormam
687 1325 914 1373 commiscuerunt.

333 1416 390 1474 llll,
410 1412 479 1476 §ee
504 1413 586 1463 Verba
612 1419 663 1462 «et
681 1411 753 1460 Ιιιίιιι
767 1431 794 1469 ιι,
813 1420 934 1462 monente
953 1413 1156 1476 Wesenbergio,
1176 1414 1251 1464 uncis
1268 1415 1369 1465 inclusit

304 1504 428 1554 Baiterus
456 1502 513 1551 llox
536 1500 618 1551 edidit
639 1500 764 1561 serantur,
789 1514 835 1561 pro
857 1499 984 1562 ferrantur,
1007 1508 1034 1550 ut
1058 1500 1178 1551 uolebant
1199 1502 1368 1565 Wesenberg.

302 1601 327 1641 et
346 1593 420 1641 Bake.

331 1680 400 1738 lllll,
418 1678 483 1742 §aa
501 1677 675 1728 omittendum
693 1677 817 1727 censebat
834 1678 969 1727 Ernestius
986 1691 1042 1729 noc.
1055 1680 1178 1741 corporis,
1199 1686 1258 1741 post
1273 1680 1368 1729 valette

301 1768 380 1826 dinis,·
397 1768 518 1831 equidem
535 1767 584 1817 lroc
598 1780 654 1817 roc.
669 1766 814 1815 valetudinis
836 1766 920 1828 potius
932 1767 1056 1816 omittam.
1069 1794 1099 1802 -
1112 1767 1250 1831 Egregium
1263 1767 1368 1817 Bentleii

301 1858 488 1907 eor-‘rectionem
507 1870 604 1920 «pares
621 1856 699 1905 habet
719 1856 924 1917 dissensiones»,
943 1870 989 1918 pro
1002 1855 1070 1919 vulg.
1087 1862 1171 1920 parter
1189 1856 1367 1914 dissentientes,

300 1951 358 2008 post
375 1944 517 2005 lllotzium,
534 1943 637 1992 admisit
656 1943 785 2003 Baiterus,
804 1950 933 1992 aunuente
953 1943 1151 2007 Wesenbergio.
1163 1971 1195 1979 -
1212 1942 1226 2008 §
1245 1942 1286 1995 30.
1303 1944 1367 1993 Tur-

301 2015 361 2082 nefii
379 2032 552 2096 coniecturam
570 2031 699 2095 legentis:
718 2038 783 2081 «est
800 2038 886 2081 autem
906 2031 1020 2094 quaedam
1039 2031 1116 2080 animi
1134 2031 1256 2082 insanitas
1272 2044 1328 2096 quae
1342 2032 1368 2081 iu

300 2122 435 2185 sapientem
451 2120 528 2169 etiam
544 2120 617 2170 cadat
631 2141 659 2180 »‚
678 2133 724 2182 pro
737 2119 805 2183 vrrlg.
819 2120 879 2168 lect.
897 2120 1000 2181 sanitas,
1013 2120 1182 2184 insipientem,
1199 2133 1312 2185 sequor;
1330 2121 1367 2169 ιιι

301 2212 371 2261 enirn
383 2218 519 2272 usurpatur
533 2210 637 2258 vernum
650 2210 736 2258 cudere
748 2209 780 2259 tle
792 2208 870 2257 animi
882 2208 1000 2257 salsitate.

331 2300 393 2357 lllV,
411 2301 423 2363 5
441 2300 480 2349 3t.
500 2300 579 2349 codd.
600 2299 631 2346 Gr
648 2300 668 2348 li
685 2298 797 2347 hahent:
817 2315 830 2341 ιι
845 2297 963 2360 temptari
980 2310 1031 2347 nou
1049 2306 1166 2359 possunt,
1183 2311 1293 2361 corpora
1312 2312 1368 2362 pos·

301 2393 360 2437 suut
375 2403 402 2448 »;
421 2387 520 2437 Bentlei
531 2387 625 2437 omittit
635 2400 685 2436 raon
697 2393 723 2436 et
734 2386 805 2436 addit
818 2391 844 2435 ut
856 2393 915 2436 ante
927 2399 1046 2450 corpora,-
1059 2386 1169 2450 iladvig.
1182 2387 1280 2437 omittit
1292 2388 1367 2437 verita

302 2498 312 2520 ι
327 2490 376 2526 ιιοιι
398 2483 517 2539 possunt,
537 2488 643 2538 corpora
657 2490 686 2534 »3
703 2476 814 2538 llapsero
834 2474 933 2537 (nimai.
948 2474 1022 2524 lleid.
1036 2474 1110 2534 1853,
1122 2488 1148 2538 p.
1160 2474 1217 2539 392]
1230 2475 1317 2539 spuria
1330 2477 1367 2526 ri-

298 2564 392 2614 dentur
404 2563 501 2613 verba:
520 2581 532 2607 ιι
545 2563 624 2611 autimi
640 2563 772 2613 ualentes.
789 2599 795 2611 .
810 2598 816 2611 .
831 2569 951 2624 possunt,
972 2562 1019 2611 sed
1034 2576 1062 2623 »3
1080 2562 1200 2626 equidem
1221 2576 1312 2614 verum
1331 2563 1369 2611 ιι-

298 2652 367 2701 disse
385 2652 476 2713 opinor
494 2652 623 2701 eruditum
643 2651 780 2709 lectorem,
800 2650 832 2698 de
852 2664 902 2712 quo
922 2650 977 2712 55,
996 2651 1039 2713 qui
1051 2657 1141 2701 censet
1158 2652 1288 2703 excidisse
1307 2666 1366 2713 non,

298 2740 366 2789 iuter
377 2740 492 2788 dissimile
508 2745 535 2788 et
551 2756 564 2782 ιι
578 2738 646 2801 quod
658 2739 735 2787 animi
750 2738 863 2787 valentes
876 2757 902 2800 ι,
921 2745 948 2787 et
959 2745 1045 2789 servat
1057 2753 1117 2801 non,
1136 2746 1193 2802 post
1204 2742 1367 2805 temptari.-

298 2828 361 2890 53⁶2.
375 2827 484 2890 iladvig.
501 2840 578 2891 quem
590 2834 694 2876 secutus
706 2834 745 2875 est
757 2826 863 2883 triten,
877 2827 983 2876 scribit:
1004 2849 1013 2869 ι
1029 2832 1085 2877 snm
1097 2828 1165 2878 enlm
1173 2828 1264 2892 multa,
1277 2838 1329 2880 etc.
1344 2852 1366 2890 a,

299 2930 345 2979 pro
357 2916 433 2966 codd.
446 2916 504 2966 lect.
525 2938 534 2959 ι
550 2916 678 2965 nonenim
691 2915 768 2965 multa
784 2937 793 2957 ι
807 2930 814 2975 ;
832 2928 881 2979 ogo
896 2915 992 2977 legam,
1010 2923 1131 2966 mouente
1145 2917 1270 2980 Bentleio,
1284 2937 1296 2961 ι
1310 2927 1369 2982 suunt

298 3006 366 3055 enim
378 3007 442 3055 vitiu
459 3005 570 3056 celerata
589 3013 615 3056 et
633 3006 781 3054 immania»
796 3032 826 3040 —
845 3004 939 3068 Legem
952 3018 1009 3054 cnm
1023 3006 1163 3057 Lanuuino:
1184 3029 1193 3050 ι
1208 3007 1268 3071 quin
1279 3007 1304 3056 ιιι
1317 3020 1366 3060 uou

300 3100 350 3143 tam
362 3093 436 3144 cel.»
454 3107 499 3156 pro
512 3094 582 3157 vulg.
600 3095 643 3157 qni
651 3108 660 3152 ,·
671 3093 748 3143 codd.
760 3092 820 3141 hub.
834 3093 902 3156 quin.

326 3182 378 3243 XV,
398 3182 461 3244 534.
479 3183 532 3231 Nou
545 3180 624 3231 refert
641 3183 674 3231 de
687 3181 779 3230 uirtute
792 3194 860 3244 saepe
873 3180 982 3230 Tullium
995 3181 1104 3239 dixisse,
1123 3182 1168 3230 sed
1186 3182 1247 3244 quid
1266 3184 1299 3233 du
1313 3183 1365 3232 ulr-

298 3278 352 3320 tute
364 3270 458 3320 dixerit
471 3285 477 3316 z
495 3270 580 3333 itaque
593 3269 737 3322 verosimile
749 3270 851 3320 erudito
860 3269 960 3332 lectori,
970 3271 1060 3333 dequo
1072 3270 1086 3333 5
1098 3271 1122 3328 5,
1131 3279 1158 3320 ut
1171 3271 1257 3331 Ballio,
1268 3272 1368 3322 videtur

298 3371 357 3407 eum
367 3357 520 3420 scripsisse:
539 3378 549 3399 ι
564 3356 677 3418 Quando,
695 3358 760 3422 qnod
777 3364 804 3407 et
820 3358 878 3407 aliis
896 3358 960 3408 locis
977 3359 1009 3409 de
1023 3358 1115 3408 virtute
1127 3359 1239 3409 diximus
1255 3367 1283 3409 et
1298 3372 1366 3422 saepe

296 3447 433 3504 dicendum
448 3446 496 3495 erit
512 3466 533 3491 ·.
553 3473 583 3481 -
601 3445 664 3506 535.
682 3445 777 3495 lleessc
798 3446 838 3494 vix
858 3454 943 3508 potest
963 3448 1084 3509 particula
1103 3448 1152 3505 ita,
1169 3455 1228 3498 aute
1247 3470 1257 3491 ι
1272 3448 1367 3498 effere·

297 3542 339 3586 tur
356 3536 515 3586 alacritate»
539 3536 607 3599 quod
632 3536 786 3598 respoudeat
808 3536 941 3586 membro:
968 3555 979 3581 ιι
996 3543 1022 3585 ut
1043 3537 1104 3585 nihil
1129 3538 1153 3587 ei
1177 3545 1280 3588 constet
1298 3538 1366 3601 quod

296 3631 356 3687 agat
369 3645 390 3673 ».
416 3623 572 3674 dissentiunt
589 3624 688 3683 critici3
712 3624 787 3674 codd.
808 3632 861 3687 opt.
883 3624 1056 3685 halieutica,
1076 3625 1118 3674 alii
1139 3624 1229 3685 fertur,
1253 3626 1366 3689 affertur,

298 3712 430 3771 ecfertur,

327 3801 401 3864 xvii,
419 3802 430 3863 5
446 3800 486 3851 37.
504 3801 625 3863 Suspicor
640 3800 691 3863 adj.
710 3798 789 3860 fretus
806 3801 934 3851 excidisse
953 3809 1011 3864 post
1030 3815 1085 3851 voc.
1099 3804 1251 3862 constantio,
1272 3810 1299 3853 et
1317 3804 1366 3854 alt·

296 3898 411 3954 sorptum
423 3888 502 3939 luisse
521 3889 553 3938 ab
565 3888 616 3950 adj.
630 3889 733 3953 quietus.
750 3917 780 3924 -
792 3889 886 3952 Legaru
899 3903 957 3939 cum
972 3891 1102 3940 Bentleio:
1123 3912 1132 3934 ι
1147 3892 1270 3955 itumquid
1282 3899 1327 3942 aut
1339 3892 1365 3941 iu

297 3979 388 4028 studiis
405 3978 453 4027 h.»
476 3991 522 4040 pro
539 3996 551 4022 ιι
566 3991 626 4026 num
643 3977 703 4041 quid
718 3996 744 4035 n,
762 3991 808 4027 scu
833 3979 908 4027 «inus
927 3980 987 4042 quid
1004 4000 1031 4041 ι,
1054 3988 1082 4029 ut
1102 3980 1203 4030 volebat
1229 3982 1365 4032 Bulterius.

296 4064 387 4113 Omisit
404 4066 534 4126 liederus,
559 4077 694 4127 operarum
715 4064 789 4125 vitio,
813 4064 943 4114 incisum:
969 4087 980 4109 ιι
994 4073 1037 4115 aut
1051 4066 1077 4115 iu
1097 4067 1190 4117 studiis
1209 4068 1327 4118 numanis
1342 4089 1364 4117 ·.

299 4179 327 4188 -
338 4154 350 4215 ς
361 4152 401 4202 tu.
417 4151 548 4202 Sermonis
566 4160 662 4202 motum
679 4159 706 4202 et
719 4160 833 4203 tenorent
855 4154 947 4203 melius
962 4156 1059 4205 serrari
1079 4157 1180 4218 npiuor,
1197 4156 1235 4207 sic
1255 4158 1364 4222 legendo

295 4249 321 4291 et
335 4240 536 4303 distinguendo:
563 4242 649 4291 «Nata
670 4250 739 4292 essct
758 4242 883 4305 aegritudo
903 4256 976 4292 riona.
991 4271 1021 4279 -
1041 4245 1090 4294 Sed
1112 4246 1133 4294 si
1153 4252 1180 4295 et
1199 4247 1320 4298 modice?
1332 4275 1363 4284 -
