3325 5159
514 588 554 644 tta:
568 600 683 645 sturnus
696 601 834 645 nouonun
850 589 880 657 t,
896 603 1040 661 xxti-xxv,
1055 594 1150 649 itt-75.
1324 593 1359 645 55

305 727 1357 797 inchoarituihilamplius.—§dii.Serinostrumcst.·Coni.Balechegg.p.350.

331 818 405 873 xxti,
425 817 488 879 562.
508 816 650 879 Madvigius
663 816 733 867 addit
748 817 820 866 liuius
833 825 892 868 aute
905 832 961 868 roc.
975 820 1055 880 atriis,
1072 821 1139 883 quod
1157 821 1223 871 bene
1240 826 1361 872 conuenit

303 920 356 956 cunr
376 904 453 956 simili
473 905 604 955 mentione
622 906 648 968 ᾗῇ
666 906 708 963 54,
730 906 770 955 88.
791 906 872 955 lilotz.
893 907 973 957 edidit
998 922 1074 957 «eure
1090 909 1161 958 urbis
1175 928 1196 956 n.
1213 937 1241 945 -
1256 910 1358 959 Malim:

303 997 385 1057 «Quis
403 996 539 1046 Aristidem
560 1007 611 1044 nou
629 995 735 1044 randum
752 995 877 1058 diligiti»
903 1011 948 1059 pro
968 998 1077 1047 lectione
1097 998 1196 1061 vulgata
1216 1004 1358 1053 mortuum.-

301 1084 407 1134 multnm
420 1085 558 1147 respondet
568 1084 626 1133 adr.
639 1084 764 1141 mommo,-
780 1085 849 1147 quod
865 1085 957 1148 legitur
968 1094 1028 1136 ante
1041 1086 1133 1135 luridot.
1146 1114 1176 1122 -
1189 1088 1201 1149 ξ
1212 1088 1252 1137 63.
1266 1088 1358 1149 tegam

300 1186 355 1223 cum
367 1174 468 1222 Darisio
493 1194 503 1215 ι
518 1172 671 1237 laurentique
682 1174 737 1238 regi
752 1195 779 1230 »,
800 1188 846 1237 pro
857 1175 961 1224 erranti.
974 1202 1003 1212 ·—
1016 1177 1028 1237 ξ
1040 1176 1079 1225 ot.
1099 1176 1154 1225 lam
1167 1176 1292 1226 Victorius
1304 1176 1360 1240 eje-

297 1272 366 1313 cerat
379 1276 471 1311 nomen
485 1262 612 1323 Lucretio,
630 1271 687 1325 post
704 1276 781 1313 voces
801 1284 811 1306 ι
827 1264 950 1313 nostruin
964 1264 1093 1326 republica
1108 1266 1217 1329 »,qrrod
1230 1265 1322 1328 legitur
1334 1265 1359 1314 in

297 1352 397 1401 cunctis
407 1351 553 1410 codicilorum
565 1352 591 1402 id
603 1352 723 1401 omittunt
734 1353 847 1402 editores
859 1352 1026 1402 recentiores

327 1442 424 1496 xxttt.
444 1442 456 1503 5
471 1442 511 1491 65.
530 1444 640 1491 tractore
653 1441 794 1504 ttadrigio,
818 1442 899 1504 legam
918 1442 1022 1506 denique
1041 1444 1362 1506 propitiatiorum

299 1551 310 1573 ι
320 1531 401 1582 totius
411 1528 545 1591 comptem
556 1529 641 1592 gentis
654 1530 769 1579 humanae
784 1549 803 1576 ι.
823 1530 850 1579 ln
863 1530 894 1579 iis
906 1530 1023 1580 codicum
1036 1545 1123 1593 parum
1136 1532 1200 1582 valet
1212 1533 1360 1582 auctoritas.

298 1644 328 1653 -
342 1616 497 1667 Adrerbium
509 1630 577 1680 oepue
585 1615 646 1665 mihi
657 1615 771 1678 spurium
783 1616 885 1667 ridetur
897 1617 930 1666 ob
943 1618 1106 1682 tautologiam
1114 1619 1225 1681 ineptam
1234 1632 1290 1682 quae
1302 1619 1362 1669 inde

298 1708 390 1767 oritur,
403 1720 480 1770 quum
491 1714 580 1769 agatur
591 1706 623 1756 de
632 1705 729 1768 justitia
742 1721 749 1765 ;
760 1707 878 1769 suspicor
888 1708 1038 1757 Ciceronem
1049 1708 1183 1771 scripsisse
1197 1724 1203 1756 :
1219 1730 1228 1751 ι
1243 1708 1362 1758 munifice

298 1797 395 1860 inteprae
407 1802 481 1845 tuens
492 1815 513 1843 r.
522 1823 553 1831 —
565 1796 577 1859 ᾗ
588 1796 628 1845 66.
641 1787 802 1859 Participium
815 1796 963 1858 ingenitum,
972 1796 1040 1860 quod
1052 1810 1103 1845 non
1115 1796 1176 1845 alibi
1189 1797 1283 1861 legitur
1294 1799 1361 1859 apud

299 1884 460 1945 Ciceronem,
473 1897 519 1934 seu
531 1884 655 1940 trinutum,
667 1885 734 1947 quod
747 1885 918 1935 dautcodices
925 1884 1077 1945 deteriores,
1090 1884 1163 1935 laeile
1175 1886 1266 1935 abesse
1278 1893 1362 1948 potest

300 1981 359 2037 post
371 1973 448 2023 rerba
465 1995 475 2016 ι
489 1980 609 2035 generata
621 1972 655 2022 sit
670 1992 691 2021 ·.
711 1970 828 2023 Fortasse
842 1973 978 2037 legendum
992 1990 998 2022 ε
1019 1992 1032 2018 a
1046 1980 1073 2023 ut
1087 1973 1178 2023 lrabeat
1195 1973 1315 2037 quiddam
1335 1974 1362 2022 r'n

299 2075 325 2111 rc
336 2061 419 2125 quasi,
431 2069 482 2110 etc.
494 2060 610 2110 ·-voc.
624 2074 679 2121 utu,
694 2067 750 2123 post
760 2060 857 2123 sunm,
870 2061 944 2111 abest
956 2062 981 2111 in
992 2061 1096 2125 optimis
1106 2062 1254 2119 codicibus;
1268 2062 1360 2112 Baiter.

300 2149 327 2200 id
337 2148 459 2207 seclusit;
476 2148 616 2211 Madvigius
629 2148 726 2199 veroid
739 2162 789 2198 nou
801 2149 931 2200 abundare
944 2157 1024 2212 putat.
1037 2178 1068 2186 —
1080 2151 1092 2212 i
1104 2150 1144 2200 68.
1163 2150 1250 2199 ltonet
1264 2149 1362 2198 iladvi-

300 2238 358 2301 gius
369 2237 477 2287 Tullium
494 2250 544 2286 non
562 2237 646 2287 solere
665 2238 702 2287 uti
722 2238 842 2300 particula
863 2253 1012 2303 quamquam
1029 2239 1085 2289 sine
1097 2239 1192 2300 verbo,
1212 2246 1239 2288 ut
1254 2251 1322 2301 saepe
1335 2239 1362 2287 lrt

300 2327 365 2389 apud
386 2326 535 2389 posterioris
550 2327 632 2375 aetatis
649 2326 802 2388 scriptores,
821 2327 950 2387 Tacitum,
971 2326 1169 2388 Quintilianum3
1196 2327 1262 2377 unde
1281 2327 1363 2377 oritur

304 2414 428 2465 dubitatio
439 2415 472 2465 de
485 2414 617 2464 servandis
634 2414 675 2463 iris
691 2414 796 2464 vocibus
817 2427 992 2478 «quamquam
1004 2416 1145 2477 expetenda
1161 2435 1189 2478 r,
1204 2429 1260 2479 quae
1271 2416 1362 2466 abesse

303 2511 411 2566 possunt
422 2503 478 2553 sine
490 2504 593 2553 damno.

332 2592 418 2652 xxiv,
437 2592 449 2654 ξ
465 2591 506 2641 69.
524 2592 569 2640 Hic
589 2603 681 2640 norum
693 2590 782 2639 subest
793 2589 939 2651 exemplum
958 2588 1065 2651 gentina
1084 2587 1278 2642 enunciationis,
1296 2587 1363 2636 uude

300 2679 445 2743 tautologiae
459 2680 498 2728 rin
514 2678 625 2729 lerendae
644 2679 785 2729 orationem
798 2677 925 2740 vulgatam
941 2676 1092 2739 impediunt,
1110 2676 1230 2739 Suspicor
1248 2684 1363 2725 nostrum

300 2768 340 2819 sic
359 2768 430 2831 prius
447 2766 600 2817 sententiam
618 2767 769 2828 scripsisse:
790 2767 866 2815 «Hac
886 2766 1005 2816 videlicet
1024 2766 1140 2826 ratione,
1159 2765 1226 2829 quod
1246 2771 1272 2815 et
1290 2766 1364 2815 amici

301 2856 386 2907 cultus
397 2864 424 2906 et
436 2856 548 2919 parentis
558 2855 593 2913 ei,
605 2855 649 2918 qui
660 2854 743 2904 officio
755 2853 880 2916 iungitur,
892 2853 918 2901 in
931 2867 962 2904 eo
974 2853 1030 2915 ipso
1043 2854 1157 2915 prodest,
1166 2853 1233 2917 quod
1246 2854 1280 2902 ita
1294 2852 1365 2916 iungi

302 2944 386 2996 officio
401 2946 426 2994 in
439 2952 508 2994 recte
520 2944 593 2993 iactis
604 2950 658 3002 est,
676 2956 731 3006 quae
743 2949 802 2992 sunt
813 2951 869 2992 orta
881 2955 895 2991 a
909 2942 1054 2992 virtutibus.
1071 2943 1130 3002 Quae
1141 2943 1255 3006 quidem,
1271 2949 1321 2992 etc.
1336 2959 1364 3000 ις

301 3034 413 3097 deinde,
433 3040 490 3096 post
507 3032 583 3081 rerba
604 3053 615 3074 ι
630 3031 677 3080 hac
697 3030 816 3081 videlicet
835 3031 974 3088 ratione»,
994 3031 1148 3080 sententiam
1167 3030 1307 3093 pleniorem
1327 3031 1366 3080 in-

300 3122 429 3182 seruisse,
449 3133 497 3183 qua
517 3119 608 3170 melius
626 3119 764 3182 obiectioni
784 3118 1004 3181 responderetur:
1028 3119 1120 3182 «quod
1139 3131 1168 3168 ea
1186 3130 1242 3181 quae
1260 3126 1365 3169 externa

301 3218 379 3267 suut,
398 3210 430 3261 iis
442 3217 541 3260 tuemur
556 3209 660 3267 officiis,
676 3221 733 3272 ouae
749 3208 867 3258 oriuntur
884 3220 899 3257 a
917 3220 964 3258 suo
978 3207 1102 3270 cuiusque
1114 3219 1210 3271 genere
1222 3207 1323 3256 uirtutis
1338 3226 1366 3264 »,

302 3299 345 3350 cui
357 3298 488 3362 subjunxit
502 3313 508 3345 ε
530 3318 540 3340 ι
555 3310 612 3346 uam
624 3304 650 3347 et
661 3298 735 3347 amici
747 3296 831 3347 cuitus
842 3305 869 3346 et
880 3296 993 3359 parentis
1006 3297 1032 3345 in
1045 3309 1076 3347 eo
1088 3296 1144 3359 ipso
1162 3296 1282 3359 prodest,
1299 3296 1366 3359 quod

303 3387 339 3437 ita
351 3386 422 3449 longi
433 3385 517 3435 officio
530 3385 638 3434 inrecte
650 3384 782 3435 iactisest.
801 3384 860 3445 Qun
877 3385 980 3448 quidem
998 3384 1127 3447 sapientes
1145 3392 1286 3448 sequuntur
1301 3385 1366 3433 duce

303 3482 401 3525 natura*
414 3494 436 3523 ι.
445 3473 553 3522 Librarii
563 3487 624 3523 roro
636 3473 728 3536 prioris
740 3473 927 3523 enunciatiouis
939 3472 1016 3522 rerba
1028 3485 1084 3535 quae
1094 3473 1212 3522 absunta
1225 3474 1367 3536 posteriore

303 3563 331 3611 in
343 3570 441 3612 textum
453 3562 702 3625 redintegraverunt.
713 3587 745 3598 -
757 3562 835 3611 Deleo
852 3574 909 3611 cum
925 3560 1051 3624 Madvigio
1063 3561 1141 3611 rerba
1158 3565 1252 3611 utentes
1264 3569 1290 3611 et
1303 3566 1367 3610 tom-

304 3664 390 3714 quom.
408 3651 466 3699 ttaec
478 3650 579 3699 omnia:
595 3670 607 3691 υ
623 3650 684 3698 Nam
696 3657 721 3698 et
732 3649 807 3699 amici
822 3683 915 3698 .....
927 3649 993 3700 duce
1005 3656 1114 3699 natura»
1134 3650 1248 3699 Bromius
1260 3649 1368 3699 delenda

303 3739 481 3796 existimabat,
499 3738 544 3789 sed
556 3739 660 3788 deesset
671 3737 799 3800 oppositio
810 3737 844 3787 iis
856 3737 961 3788 verbis:
983 3758 993 3780 «
1007 3751 1057 3789 uon
1071 3737 1177 3801 perfecti
1187 3746 1272 3787 autem
1285 3737 1367 3786 homi-

304 3840 354 3877 nes
365 3846 388 3876 r.
400 3855 431 3864 -
442 3828 454 3890 ξ
464 3827 505 3876 tt.
518 3827 636 3877 Fortasse
648 3826 785 3889 legendum
797 3842 804 3874 ε
822 3845 836 3871 «
849 3839 905 3890 quae
916 3827 974 3890 ipsis
985 3825 1078 3888 suniat
1094 3826 1217 3889 principia
1229 3834 1324 3875 naturae
1338 3841 1366 3873 r:

305 3915 409 3966 codices
425 3915 519 3965 habent
534 3916 580 3980 ipsi
598 3916 708 3979 egerint,
731 3914 868 3965 Lambinus
884 3915 994 3978 conjecit
1012 3915 1129 3977 fecerint,
1151 3928 1226 3978 quem
1246 3919 1369 3977 sequutus

304 4013 346 4056 est
363 4005 492 4066 Baiterus;
510 4006 625 4055 Davisius
642 4004 763 4066 dederint,
783 4004 898 4054 Gil'auius
916 4006 1028 4056 iecerint.
1042 4032 1071 4041 -
1093 4004 1208 4054 Baiterus
1231 4004 1293 4067 legit
1310 4018 1368 4054 cum

307 4095 424 4145 Darisio:
439 4115 449 4138 κ
463 4101 504 4145 est
514 4096 583 4144 enim
595 4094 740 4157 philosophi
750 4113 771 4154 »,
789 4100 878 4143 contra
897 4094 973 4145 codd.
989 4093 1033 4156 qui
1045 4092 1140 4142 liabent
1151 4096 1241 4141 tomen.
1255 4120 1285 4128 -
1297 4093 1369 4143 Mad·

307 4184 390 4248 vigius
402 4184 532 4235 desiderat
544 4198 605 4245 esre,
620 4184 688 4233 inter
700 4187 794 4232 tuntum
806 4190 832 4233 et
843 4183 892 4236 vim
904 4183 1019 4238 virtutis·
1031 4181 1071 4230 cui
1083 4181 1218 4232 assentior.

339 4274 412 4336 XXV,
429 4275 495 4339 §75-
512 4274 611 4337 Legere
624 4273 726 4323 malim:
744 4294 755 4316 «
769 4274 806 4323 sic
818 4273 896 4322 lrodie
908 4271 957 4321 isto
969 4283 1045 4322 nosse
1056 4271 1091 4321 ita
1105 4271 1173 4321 visus
1185 4284 1215 4320 es
1228 4289 1257 4329 a,
1274 4276 1369 4319 mutato

307 4363 364 4414 loco
384 4363 513 4425 particulae
531 4363 578 4413 ito.
594 4390 624 4399 -
635 4361 830 4426 supplicandum
849 4360 890 4409 vix
908 4368 994 4423 aptum
1014 4359 1092 4409 menti
1112 4367 1138 4409 et
1154 4358 1271 4422 dignitati
1290 4358 1368 4416 nostri
