3325 5159
517 594 557 649 llu
572 606 687 649 rtntaus
700 605 838 648 nououun
854 593 898 658 tv,
914 605 1039 661 xix-uxr,
1056 595 1150 650 ivi-59.
1318 599 1363 651 tl

297 727 416 784 codices:
434 728 565 791 speciosius
584 726 685 777 volebat
705 727 834 786 Davisius,
854 727 980 775 nervosius
994 727 1018 775 l.
1032 727 1059 774 V.
1074 726 1195 785 beclerc,
1214 728 1256 776 alii
1272 730 1365 777 moles-

298 818 358 877 tius,
371 818 509 880 captiosius,
522 825 573 866 etc.
595 816 736 879 Madvigius
746 822 831 866 autem
843 815 996 865 sententiam
1009 816 1046 864 sic
1064 816 1263 877 interpretatur:
1285 837 1295 859 ι
1309 818 1364 866 lam

301 926 311 947 ι
325 905 389 955 illud
400 906 467 969 quod
479 906 595 969 sequitur
606 904 693 964 (altera
707 912 790 954 vostra
802 903 946 967 conclusio)
957 904 1051 953 sorites
1063 902 1117 965 csl,
1134 917 1185 967 qno
1197 904 1294 969 (sorita)
1307 906 1365 955 nni-

299 1004 374 1041 verse
390 991 453 1041 nibil
471 992 564 1054 putatis
580 1004 638 1041 csse
654 991 803 1041 vitiosius.»
823 990 849 1040 si
865 990 985 1053 Sphingis
1001 990 1081 1038 instar
1099 989 1248 1053 loqueretur
1259 990 1364 1051 Tullius,

297 1092 392 1129 novum
403 1078 529 1141 OEdipnm
541 1079 704 1129 haberemus.
716 1105 747 1115 —
761 1078 898 1142 Egregium
911 1078 1029 1141 Madvigii
1042 1079 1228 1128 correctionem
1240 1078 1349 1141 legentis
1360 1107 1366 1137 :

300 1188 310 1209 ι
327 1179 377 1216 non
395 1174 466 1216 tunm
481 1186 508 1226 ι,
529 1180 574 1229 pro
590 1166 654 1216 ialsa
669 1166 786 1216 codicum
807 1166 917 1216 lectione
933 1180 983 1215 uoo
999 1171 1066 1228 tum,
1086 1180 1133 1217 scu
1146 1181 1195 1216 ooo
1209 1172 1305 1227 tomen,
1320 1180 1365 1218 seu

295 1254 442 1312 comicum,
455 1253 511 1304 sine
523 1254 683 1305 dubitatione
694 1255 853 1304 admiserunt
867 1254 981 1305 editores
992 1253 1159 1305 recentiores.

330 1342 398 1401 lllll,
416 1343 429 1406 5
447 1343 488 1392 δὲ.
507 1342 603 1405 Opinoi
621 1343 755 1405 legendnm
775 1356 849 1393 esse:
870 1349 1028 1405 «exspectat
1047 1349 1074 1392 et
1092 1350 1171 1392 avet»
1191 1349 1220 1392 nt
1239 1355 1268 1392 ea
1289 1344 1364 1391 verba

299 1430 444 1480 reserantur
456 1438 507 1481 tum
516 1431 547 1479 ad
561 1443 699 1493 pronomen
713 1430 764 1487 illi,
776 1444 834 1480 cnm
846 1431 878 1479 ad
887 1431 1098 1494 interrogativum
1110 1432 1174 1494 puis,
1187 1438 1214 1480 et
1225 1431 1262 1480 sic
1273 1431 1366 1480 vitetur

297 1519 453 1583 ambiguitas
464 1531 521 1582 quae
532 1519 614 1568 oritur
626 1531 656 1568 en
669 1518 750 1568 verbo
762 1519 856 1567 dicunt.

329 1606 382 1665 llll,
395 1606 408 1669 5
419 1606 459 1657 56.
471 1607 579 1656 Codices
590 1606 698 1656 babent:
713 1613 804 1668 «aptae,
817 1605 916 1654 habiles
928 1605 998 1654 etad
1010 1612 1125 1653 naturam
1134 1606 1366 1665 accommodante»,

297 1693 375 1743 Orelli
387 1701 414 1744 et
425 1694 519 1744 Baiter.
531 1693 667 1744 secludunt
683 1694 789 1750 bubiles,
806 1692 917 1754 Madvig.
930 1691 993 1755 legit
1013 1712 1022 1735 ι
1036 1699 1101 1755 aptae
1112 1699 1139 1741 et
1154 1692 1254 1741 habiles
1268 1708 1296 1752 »;
1317 1706 1366 1755 ego

299 1794 362 1832 vero
372 1782 473 1839 malim,
491 1795 550 1831 cum
562 1781 690 1832 nonnullis
702 1781 850 1840 codicibus,
872 1780 1005 1844 optabiles,
1025 1781 1091 1843 qnod
1105 1781 1214 1832 Zenonis
1225 1782 1304 1830 menti
1317 1796 1366 1830 non

299 1878 434 1932 repugnat,
446 1870 567 1933 additque
579 1869 709 1920 notionem
722 1882 813 1919 novam
826 1868 949 1919 vocabulo
961 1869 1158 1919 accommodatur.
1166 1896 1196 1905 —
1209 1869 1365 1919 Membrum:

300 1968 377 2020 «quae
395 1956 461 2006 bona
481 1969 532 2006 non
550 1957 628 2007 audet
645 1956 789 2020 appellare,
811 1965 907 2007 naturae
924 1956 1114 2006 accommodata
1134 1969 1191 2006 esso
1210 1956 1328 2006 concedit
1341 1971 1366 2013 ·›;

298 2044 467 2094 omittendum
485 2043 547 2093 mibi
565 2045 667 2095 videtur
684 2051 712 2095 nt
731 2045 842 2095 Manutio
866 2053 892 2094 et
911 2043 1028 2102 Davisio;
1051 2056 1110 2093 nam
1130 2057 1180 2094 non
1201 2045 1277 2094 modo
1297 2044 1365 2094 idem

299 2133 410 2195 scriptor
419 2132 552 2195 jamdixit,
565 2134 611 2183 sed
623 2133 699 2183 etiam
711 2133 829 2197 ambigua
842 2140 883 2183 est
894 2134 1020 2183 sententia
1033 2133 1066 2182 ob
1074 2133 1366 2196 geminumsubjectum.

299 2220 418 2270 Ceterum
430 2220 533 2270 codices
545 2220 581 2269 ibi
593 2227 653 2270 sunt
665 2221 804 2283 depravati.
818 2248 848 2257 -
861 2221 923 2283 557.
940 2221 1003 2271 llere
1015 2227 1102 2271 monet
1115 2220 1256 2284 Madvigius
1274 2220 1365 2270 durum

299 2309 423 2359 orationis
434 2309 567 2358 transitum
580 2321 638 2359 esse
650 2322 727 2372 qurum
739 2307 881 2372 copulative
893 2308 1040 2371 adjungitur
1051 2309 1226 2358 controversia
1238 2308 1271 2358 de
1283 2321 1311 2358 re
1322 2315 1366 2357 aut

302 2398 334 2450 de
347 2398 466 2457 nomine;
485 2397 570 2461 itaque
586 2397 724 2460 legendnm
740 2409 798 2445 esse
815 2409 924 2446 censeo:
946 2398 1074 2460 «lamque
1091 2397 1174 2447 omnis
1192 2398 1365 2447 controversia

301 2496 344 2538 aut
355 2489 388 2539 de
399 2499 428 2538 re
438 2488 499 2537 solet
509 2496 553 2537 aut
564 2488 596 2538 de
610 2488 712 2537 nomine
725 2499 797 2547 esse;
808 2494 915 2549 utraque
926 2486 993 2535 euim
1008 2487 1129 2547 nascitur,
1145 2487 1167 2535 si
1175 2493 1218 2536 aut
1230 2500 1281 2545 res,
1296 2495 1344 2536 etc.
1356 2510 1365 2527 ι

303 2592 349 2640 pro
360 2591 476 2642 cumque,
488 2578 574 2632 solem,
587 2590 683 2626 eurum.

333 2666 397 2726 lllll,
414 2667 477 2729 558.
497 2666 568 2728 Apud
588 2666 706 2715 eumdem
726 2665 861 2728 egregium
877 2664 994 2713 criticum
1011 2664 1124 2728 legitur:
1149 2665 1226 2715 illoc
1244 2672 1298 2714 toto
1310 2665 1367 2715 loco

303 2758 410 2815 Cicero,
429 2757 489 2806 dum
502 2762 617 2805 veterum
634 2755 775 2805 sententias
794 2756 826 2803 de
844 2767 928 2803 rerum
941 2752 1083 2803 differentia
1103 2754 1218 2804 breviter
1234 2755 1370 2817 complecti

303 2855 419 2909 conatur,
432 2848 496 2897 mire
508 2861 536 2898 se
556 2846 708 2910 implicavit,
721 2853 760 2905 et,
780 2845 936 2908 perturbatis
947 2852 1023 2908 atque
1035 2844 1149 2909 confusis
1166 2860 1251 2896 rernm
1264 2847 1369 2910 generi-

302 2937 360 2999 bus,
380 2938 405 2987 in
425 2937 618 3001 repugnantiam
638 2944 665 2986 et
682 2935 867 2985 absurditatem
884 2933 1044 2984 manifestam
1062 2934 1182 2984 incidit.»
1203 2935 1264 2984 llibi
1283 2941 1368 2985 antem

304 3027 371 3076 bunc
382 3025 465 3075 locum
478 3025 651 3075 consideranti
662 3024 798 3074 admodum
813 3022 950 3073 verisimile
963 3022 1044 3071 visum
1057 3028 1097 3071 est
1112 3023 1253 3072 membrum
1274 3043 1284 3066 ι
1298 3036 1369 3086 qure-

303 3126 353 3176 qne
365 3113 506 3163 secundum
519 3119 634 3163 naturam
646 3113 720 3162 sint»
741 3124 875 3175 perperam
892 3110 1030 3173 repetitum
1042 3108 1121 3159 luisse
1139 3117 1165 3160 et
1176 3110 1213 3159 sic
1226 3110 1309 3160 locum
1323 3124 1371 3160 oc-

303 3200 438 3262 cupavisse
457 3200 564 3251 alterius
584 3200 691 3250 membri
711 3218 725 3246 r
738 3213 795 3264 qnae
812 3213 861 3250 nec
880 3199 986 3249 honesta
1007 3211 1054 3248 neo
1073 3198 1208 3248 laudabilia
1227 3197 1369 3247 dicantur»

303 3288 388 3337 alieno
398 3288 457 3338 loco
468 3288 555 3350 positi,
569 3288 636 3338 unde
647 3301 677 3337 ea
689 3301 745 3351 quae
756 3294 899 3352 sequnntur
910 3286 984 3336 aliter
996 3286 1089 3348 scripta
1101 3286 1197 3336 inerint
1208 3298 1283 3349 qnam
1295 3285 1373 3335 debe·

304 3377 380 3439 bant,
398 3390 454 3441 quae
466 3377 623 3427 restituenda
640 3389 698 3427 esse
715 3378 807 3440 opinor
825 3363 863 3426 sic
876 3376 1003 3439 legendo:
1026 3396 1118 3423 .....
1134 3387 1192 3424 esse
1204 3373 1349 3425 aestimanda
1363 3388 1369 3432 ;

305 3477 360 3528 quae
378 3476 426 3513 nec
439 3465 544 3514 honesta
560 3477 607 3513 nec
620 3463 754 3513 laudabilia
767 3464 894 3523 dicantur,
915 3463 1007 3526 partim
1018 3462 1081 3512 nibil
1093 3462 1230 3511 babere'in
1245 3474 1304 3511 sese
1315 3462 1371 3511 eius

304 3550 484 3614 appetitionis,
499 3551 532 3600 de
545 3564 593 3615 qna
606 3552 655 3600 iam
667 3563 735 3613 saepe
747 3550 872 3611 diximus,
891 3551 982 3613 partim
996 3551 1150 3613 voluptatem
1164 3550 1252 3598 lubere
1263 3550 1290 3598 in
1302 3550 1370 3599 omni

304 3638 442 3699 animante,
457 3643 508 3689 etc.
523 3653 549 3700 »3
564 3639 660 3688 omisso
672 3638 848 3688 tantummodo
860 3638 913 3701 quse
923 3644 982 3689 ante
994 3638 1155 3702 voluptutem,
1175 3643 1202 3685 et
1216 3642 1313 3686 mutato
1326 3637 1370 3684 bu-

305 3725 377 3774 beoot
388 3726 414 3775 in
428 3726 526 3776 labere.
545 3726 586 3776 Sic
597 3732 668 3776 recte
680 3725 764 3775 omnia
777 3724 919 3787 procedunt
931 3732 957 3775 et
969 3726 1017 3775 ista
1030 3725 1165 3785 medicina,
1178 3736 1239 3773 sane
1251 3724 1372 3786 benigna,

304 3816 367 3865 artis
378 3816 473 3866 criticae
491 3816 594 3879 dignior
605 3815 668 3865 mibi
680 3816 791 3873 videtur,
809 3826 884 3877 qnam
901 3814 1064 3878 negligentiae
1075 3815 1172 3863 crimen
1189 3824 1289 3862 summo
1305 3812 1372 3861 scri-

306 3904 373 3965 ptori
385 3911 435 3952 tam
447 3904 540 3953 leviter
551 3903 663 3963 illatum;
683 3903 777 3966 qnippe
789 3901 864 3964 cnjus
875 3902 977 3952 sobedae
989 3902 1064 3951 nobis
1077 3908 1168 3964 praesto
1183 3914 1233 3951 non
1253 3906 1326 3958 sunt,
1346 3907 1373 3949 et

305 3991 410 4041 codices
426 3992 568 4041 manifestis
584 3990 716 4059 erroribus
732 3997 840 4040 scatent.
853 3990 908 4052 -ς
923 3989 971 4038 59..
984 3989 1061 4038 Deest
1073 3979 1216 4051 subjectum
1236 3988 1373 4038 verborum

304 4077 382 4141 possit
392 4085 419 4128 et
431 4078 577 4133 mereretur
595 4077 704 4127 fortasse
718 4090 773 4127 voc.
790 4076 889 4139 sopiens
907 4074 1003 4126 excidit
1022 4083 1080 4137 post
1093 4076 1229 4139 stuppliciis.
1244 4102 1274 4110 -
1293 4074 1373 4124 Velim

305 4168 393 4228 legere
405 4165 506 4222 uiribus,
519 4180 565 4229 pro
576 4166 714 4225 uirtutibus,
727 4166 762 4215 ob
772 4178 827 4216 voc.
837 4165 926 4213 uirtute
937 4163 1005 4227 qnod
1017 4163 1149 4225 sequitur;
1161 4165 1202 4213 oni
1215 4163 1271 4213 voci
1284 4162 1375 4213 viribus

307 4254 399 4303 melius
410 4254 635 4304 accommodantur
645 4254 766 4305 attributa
784 4254 869 4315 [nuuc
885 4260 912 4302 et
924 4252 1124 4309 coutemoeurtos,·
1144 4258 1267 4314 praeterea
1278 4252 1376 4301 addeu-

307 4343 367 4391 dnm
381 4342 472 4404 opinor
488 4356 538 4390 csse
557 4349 613 4404 post
626 4342 732 4391 verbum
748 4356 819 4405 posse
837 4354 851 4390 a
871 4354 922 4403 quo
935 4339 1017 4403 potuit
1031 4338 1173 4388 absorberi.
1193 4339 1297 4401 Signum
1316 4352 1376 4389 cor-
