3325 5159
539 861 590 927 DE
615 860 793 929 LEGIBUS.
820 862 937 929 LIBER
962 863 1120 930 PRIMUS.

332 1243 350 1301 l,
364 1243 376 1304 ᾗ
388 1243 411 1291 l,
430 1241 573 1305 Syllepseos
586 1242 700 1305 exempla
714 1257 762 1293 non
775 1244 809 1293 ita
821 1243 914 1294 crebro
926 1245 992 1306 apud
1006 1251 1119 1293 nostrum
1133 1245 1302 1306 reperiuntur,
1316 1258 1363 1294 ea-

299 1345 349 1394 que
361 1332 430 1380 omni
442 1331 587 1393 suspicione
600 1344 650 1380 non
664 1338 713 1380 tam
727 1332 805 1380 libera
825 1339 894 1392 snut,
912 1340 938 1381 ut
957 1333 1029 1381 laoile
1045 1333 1144 1382 admitti
1159 1332 1269 1382 debeant
1286 1346 1362 1395 qtnrm

300 1421 388 1470 leviori
400 1420 513 1470 remedio
526 1420 637 1484 legitima
655 1421 736 1470 oratio
756 1422 856 1470 restitui
877 1414 969 1485 potest.
988 1424 1040 1471 lloc
1057 1421 1122 1485 loco,
1143 1422 1273 1472 translatio
1290 1423 1363 1472 incisi
1405 1443 1408 1454 ·

302 1523 389 1573 «saepe
400 1523 415 1558 a
427 1524 468 1559 me
480 1511 561 1560 lectus
574 1511 599 1558 in
611 1510 710 1559 llario»
725 1518 782 1573 post
794 1511 871 1559 verba
886 1532 895 1552 ι
907 1512 1009 1574 quidem
1023 1512 1065 1560 ille
1076 1531 1099 1568 n,
1112 1525 1158 1561 nec
1171 1512 1302 1561 veritatem
1316 1525 1363 1561 nec

297 1597 411 1661 leporem
424 1598 517 1661 dialogi
529 1599 633 1659 minuit;
646 1606 672 1647 et
684 1612 760 1662 quum
773 1607 874 1649 constet
886 1600 934 1650 lros
945 1600 1052 1650 Tullium
1072 1600 1153 1650 libros
1172 1615 1222 1650 non
1241 1601 1362 1659 edidisse,

298 1687 459 1737 librariorum
472 1688 633 1752 negligentiae
645 1688 742 1738 similes
754 1702 838 1739 naeros
852 1689 964 1739 tribuere
977 1703 1026 1740 non
1039 1690 1162 1739 absonum
1176 1697 1224 1739 cst.
1238 1718 1268 1725 -
1288 1690 1365 1739 Addit

299 1778 421 1837 Halmius,
434 1791 492 1827 curn
504 1778 613 1840 Darisio,
627 1757 718 1828 contra*
727 1779 839 1838 codices,
853 1781 921 1827 enim
933 1780 999 1830 inter
1016 1780 1037 1827 st
1056 1788 1081 1828 et
1100 1784 1200 1835 munem
1221 1792 1271 1828 non
1289 1792 1362 1841 opus.

298 1867 393 1931 Legum
405 1881 462 1917 cum
476 1868 552 1917 Balio
566 1883 572 1916 :
588 1890 598 1909 «
613 1874 652 1916 est
664 1869 732 1917 enim
745 1880 805 1918 sane
819 1876 892 1918 vetus
906 1890 927 1932 ι,
949 1882 994 1932 pro
1007 1869 1075 1932 vulg.
1097 1891 1106 1911 ι
1122 1869 1216 1919 etenim
1238 1874 1278 1917 est
1292 1886 1313 1915 u.
1334 1896 1363 1903 -

298 1956 347 2017 §i
361 1955 530 2015 Quorumdam
542 1957 615 2006 codd.
629 1957 766 2007 lectionem
779 1958 846 2017 dicit,
859 1966 918 2008 aute
930 1958 1008 2016 bodie,
1022 1964 1107 2007 tuetur
1121 1958 1222 2020 Baitios,
1240 1971 1291 2007 nou
1308 1958 1363 2007 sine

298 2056 384 2093 causa.
396 2072 427 2080 —
439 2045 506 2094 Bene
518 2046 624 2095 seclusit
641 2046 721 2095 Halm.
739 2061 864 2111 quercum,
885 2054 941 2109 post
961 2047 1109 2105 llarionom,
1130 2060 1188 2095 cum
1208 2047 1318 2096 Manutio
1338 2053 1364 2096 et

299 2134 431 2184 Lambino.
439 2134 489 2196 -5
501 2135 525 2184 3.
538 2135 627 2185 Veram
639 2136 776 2186 lectionem
790 2138 932 2186 restituisse
945 2137 1012 2187 idem
1025 2136 1087 2185 milri
1100 2137 1200 2187 videtur
1211 2136 1364 2186 scribendo:

298 2243 312 2267 ι
324 2223 423 2274 verene
435 2224 541 2274 Athenis
554 2238 602 2274 non
615 2225 690 2288 longe
706 2246 726 2284 n,
746 2227 814 2289 quod
827 2226 894 2275 benc
906 2227 1025 2290 congruit
1038 2240 1094 2275 cum
1108 2227 1139 2275 iis
1157 2240 1212 2289 quae
1230 2240 1305 2289 supra
1325 2226 1364 2274 le·

299 2321 410 2377 giratur:
425 2320 549 2363 «certene
562 2327 612 2363 nou
625 2313 701 2377 longe
711 2334 766 2363 ν..-
778 2314 847 2363 Balii
860 2314 1006 2376 conjectura
1020 2315 1129 2377 legentis
1141 2315 1224 2373 attica,
1239 2329 1284 2377 pro
1297 2316 1365 2363 urili-

299 2418 357 2467 quu,
371 2417 421 2453 non
433 2403 582 2465 placet-5
594 2403 617 2451 l.
632 2403 757 2466 lusignem
770 2404 802 2451 bl.
816 2404 918 2466 llauptii
930 2411 956 2453 et
967 2407 997 2453 Α.
1010 2404 1051 2453 W.
1065 2404 1172 2466 Zumptii
1180 2403 1364 2454 correctionem

299 2492 457 2556 legentium:
472 2513 482 2535 ι
496 2505 610 2554 versere,
624 2493 718 2542 veritas
735 2513 756 2551 ι,
774 2506 820 2555 pro
833 2493 900 2556 drrlg.
921 2514 930 2536 «
946 2494 984 2543 rel
1005 2494 1128 2543 severitas
1142 2511 1164 2554 n,
1184 2493 1285 2543 admisit
1304 2493 1365 2542 ilal-

299 2582 381 2641 mius;
393 2581 538 2643 conjecerat
550 2582 641 2631 Balius
655 2598 661 2630 ε
675 2605 685 2627 «
701 2582 735 2631 nil
749 2583 797 2631 nisi
810 2583 902 2632 veritas
917 2604 937 2630 ι.
950 2609 982 2619 -
1001 2582 1049 2631 Pro
1066 2595 1128 2650 uoce
1146 2582 1231 2644 spuria
1245 2582 1362 2645 periculo,

299 2671 384 2720 malim
396 2684 443 2721 seu
451 2675 572 2735 portento,
586 2684 633 2721 seu
641 2672 771 2735 prediolo,-
787 2671 967 2736 Wytteubaclt.
981 2672 1047 2736 conj.
1066 2673 1191 2730 versiculo,
1211 2672 1302 2721 Balius
1314 2672 1364 2719 rni-

299 2761 392 2809 roculo.
405 2786 436 2795 -
447 2760 459 2822 5
471 2761 495 2809 5.
513 2761 650 2809 camerani
661 2760 847 2810 correctionem
861 2765 955 2819 cuncta,
977 2775 1022 2824 pro
1039 2762 1114 2811 codd.
1131 2760 1191 2809 lect.
1212 2760 1309 2823 Quinte,
1324 2760 1363 2809 le-

299 2849 392 2912 gentis.
405 2856 463 2897 aute
475 2848 625 2910 reseruntur,
639 2849 740 2898 admisit
752 2849 873 2899 llalmins.

331 2937 362 2999 ll,
375 2937 387 2998 ᾖ
398 2936 421 2986 6.
440 2935 501 2986 Mihi
514 2937 649 3001 legendnm
663 2937 771 2996 ridetur,
784 2951 830 2988 seu
844 2956 856 2982 u
870 2939 975 2989 annales
987 2938 1132 3002 pontificum
1149 2959 1159 2983 u
1172 2952 1217 2989 seu
1235 2958 1247 2982 a
1260 2938 1364 2988 annales

300 3025 424 3074 maximos
436 3044 458 3073 ».
470 3026 542 3076 Conl.
555 3026 588 3075 de
599 3027 663 3088 Rep.
677 3026 695 3088 l,
708 3026 722 3090 §
734 3026 806 3076 25-
818 3028 912 3090 Legum
925 3041 982 3076 cum
994 3028 1085 3076 Ursino
1096 3028 1210 3086 ieiunius,
1224 3041 1298 3091 quam
1309 3028 1363 3076 lec·

300 3115 394 3185 tionem
408 3115 529 3178 probasse
538 3116 638 3166 videtur
647 3115 769 3166 Niebuhr.
780 3131 787 3177 ;
800 3117 891 3166 melius
899 3112 965 3166 enirn
973 3118 1093 3167 convenit
1101 3131 1158 3167 cum
1166 3117 1216 3180 adj.
1226 3117 1289 3166 eade
1297 3117 1364 3181 quod

300 3204 364 3254 inira
383 3206 486 3268 legitur,
503 3219 578 3268 qttarn
596 3207 749 3270 incomptius,
769 3220 814 3256 sen
835 3207 999 3257 iniucundius.
1020 3235 1050 3242 -
1075 3207 1221 3271 Legendum
1241 3220 1299 3257 esse
1318 3220 1363 3256 seu

302 3315 312 3337 α
327 3294 420 3343 Fannio
433 3299 514 3351 oetote,
529 3315 542 3342 u
554 3309 599 3345 sen
614 3317 624 3339 ι
639 3296 727 3345 Fannii
738 3298 806 3347 oetutl
817 3297 968 3347 coniunctus
982 3318 993 3340 n
1006 3298 1169 3347 consentiunt
1181 3297 1277 3356 critici;
1297 3310 1366 3347 non-

299 3384 359 3433 dum
369 3391 452 3434 tamen
460 3385 515 3435 ausi
523 3392 582 3435 suut
590 3386 703 3435 editores
710 3386 858 3436 alterutram
867 3386 1052 3436 correctionem
1060 3386 1205 3436 admittere.
1213 3414 1243 3421 -
1252 3384 1296 3450 57.
1307 3386 1367 3435 For-

300 3479 368 3522 tasse
379 3473 536 3536 legendum‘:
552 3495 563 3516 ι
576 3474 601 3522 in
614 3474 771 3525 orationibus
788 3482 874 3525 autem
891 3476 985 3525 multus
1001 3482 1027 3524 et
1045 3476 1156 3538 ineptus,
1174 3476 1251 3524 elutus
1268 3486 1364 3523 summa

299 3562 455 3625 impudentia
470 3584 490 3609 ι.
504 3562 552 3612 Alii
563 3562 621 3612 alia.
630 3591 659 3599 —
671 3564 775 3613 corradi
787 3564 991 3615 correctionem:
1008 3585 1017 3607 ι
1032 3564 1137 3614 Sisenna
1150 3577 1219 3613 meus
1231 3562 1327 3612 amicus
1342 3583 1364 3624 ι,

301 3663 347 3712 pro
358 3651 419 3710 etus,
432 3651 541 3715 legentis
553 3651 721 3701 certissimam
734 3663 792 3701 esse
805 3659 876 3714 putat
889 3653 989 3709 Balins,
1003 3652 1069 3701 conl.
1082 3651 1175 3715 jubens
1189 3652 1258 3700 Brut.
1278 3649 1292 3714 ᾖ
1307 3650 1364 3710 aad,

301 3739 345 3788 ubi
358 3740 490 3790 Sisennam
502 3740 614 3803 appellat
626 3740 724 3791 Atticus
737 3739 886 3790 familiarem
898 3755 980 3790 suum.

333 3828 374 3890 ill,
388 3830 436 3890 §8.
453 3830 560 3881 Videtur
571 3830 622 3893 adj.
636 3833 726 3888 nostro,
741 3830 808 3893 quod
821 3829 933 3879 abundat
945 3836 1002 3891 post
1014 3832 1094 3886 oetute,
1108 3827 1267 3889 absorpsisse
1286 3826 1365 3888 parti-

301 3918 395 3980 cipium
408 3921 490 3980 peste,
503 3919 569 3982 quod
578 3920 700 3969 omissum
709 3930 767 3968 esse
775 3924 865 3967 censet
875 3917 974 3967 Balius.
982 3945 1012 3952 -
1020 3917 1139 3979 Suspicor
1148 3915 1282 3978 legendum
1291 3926 1365 3963 esse:

303 4006 438 4057 «incurret
450 4007 526 4057 etiam
539 4008 564 4057 in
577 4009 698 4058 lllustrem
706 4007 776 4057 illum
785 4006 1009 4056 etmemorabilem
1018 4019 1110 4055 annum
1119 4017 1192 4054 suum
1204 4023 1214 4046 »
1226 4019 1233 4064 3
1246 4005 1283 4053 sic
1291 4003 1366 4053 intel-

302 4096 390 4161 ligitur
401 4098 528 4161 quomodo
540 4099 642 4148 evanuit
652 4096 806 4160 adiectirum
818 4097 886 4160 quod
899 4096 1066 4146 desideratur.
1080 4094 1171 4143 -Pro
1188 4094 1217 4142 ab
1234 4093 1279 4142 lato
1296 4092 1366 4141 malit
1396 4159 1398 4163 ἱ

303 4186 395 4235 Balius
406 4187 493 4250 legere
506 4185 535 4234 ub
546 4186 608 4250 ipso,
622 4187 690 4250 quod
701 4194 771 4237 certe
784 4185 906 4236 urbanius
917 4190 966 4234 est.
978 4211 999 4220 -
1013 4184 1026 4248 5
1037 4184 1061 4232 9.
1075 4184 1100 4232 Sl
1113 4196 1170 4232 cnm
1183 4181 1280 4232 Halmio
1288 4182 1367 4232 addas

302 4290 366 4334 sum,
380 4282 437 4337 post
452 4295 462 4317 «
476 4288 533 4325 cum
545 4275 624 4326 semel
636 4276 696 4339 quid
709 4288 783 4326 orsus
797 4295 819 4336 ι,
832 4274 1005 4325 transferenda
1018 4279 1066 4330 est,
1079 4280 1138 4323 ante
1153 4294 1162 4315 a
1177 4286 1234 4322 cnm
1247 4271 1325 4321 semet
1342 4290 1367 4331 u,

300 4363 446 4428 conjunctio
456 4365 486 4424 si,
499 4370 526 4415 et
536 4363 673 4429 legendum
683 4378 742 4416 cum
753 4365 831 4415 Balio
845 4380 852 4412 :
867 4386 877 4409 ι
891 4365 925 4414 stc
938 4364 1056 4414 traducor
1070 4363 1120 4412 alio
1134 4383 1155 4412 ».
1174 4391 1203 4399 —
1217 4364 1229 4424 §
1242 4362 1280 4412 tu.
1303 4361 1366 4411 For-

1211 4452 1240 4497 21
