3325 5159
301 573 337 629 82
555 574 597 633 bt
615 587 734 633 monta
751 588 868 634 ιιιιιιιι
884 576 908 646 t,
926 588 1002 646 tux,
1020 575 1098 634 ιη

300 710 447 773 ampliorem
475 711 594 762 maluisse
617 716 773 777 cuprionem
799 716 962 777 sepositum
985 714 1358 779 inquinavubapeoms

299 799 426 848 omittam:
438 800 477 849 sin
489 801 572 850 minos
591 802 735 865 tautologiae
756 805 816 853 vitio
834 805 956 865 petiodus
974 803 1185 864 hbont;omn'n
1203 803 1354 854 euimoom·

299 887 418 949 plectitur
429 890 570 939 sententia:
583 909 595 934 ι
609 895 690 954 Atque
704 892 771 941 baud
784 893 839 941 scio
841 929 888 940 .....
906 893 1002 942 iustitia
1013 892 1128 943 toiiatut.
1141 912 1195 937 ι-
1206 890 1255 957 54.
1267 893 1355 942 Totum

301 976 384 1025 iocum
399 994 405 1024 :
419 978 527 1041 «Neqoe
548 993 609 1028 tero
629 980 656 1029 id
668 980 749 1029 solum
754 1017 811 1029 ......
830 980 947 1031 hbuitati
965 995 1037 1045 paene
1055 981 1359 1032 uideantur-delendum

299 1075 386 1115 censet
399 1068 558 1117 Heidtmnn.
582 1076 647 1118 teste
660 1070 759 1119 Baitero
769 1072 796 1119 iu
808 1071 1233 1135 Soppi.adoot).eujosopinioois
1239 1072 1357 1122 nonsatis

300 1155 404 1205 idoneas
414 1170 503 1205 causas
514 1159 624 1219 reperio.

330 1245 360 1306 ι’,
372 1246 384 1307 ς
397 1246 433 1294 10.
446 1246 543 1296 i'erba:
555 1268 563 1289 ι
575 1248 630 1309 ipse
642 1257 726 1297 autem
737 1257 791 1297 erat
805 1249 988 1313 Pythagoras»
1001 1251 1088 1313 spotia
1095 1250 1199 1300 censuit
1208 1250 1357 1312 Waikems3

301 1346 370 1393 uere,
383 1341 409 1381 ut
422 1334 482 1382 mibi
494 1336 597 1397 quidem
609 1337 723 1394 videtum
735 1349 792 1385 nam
800 1338 853 1387 inc
864 1340 994 1388 enamtio
1008 1339 1154 1389 scholiasta
1164 1353 1271 1389 omnum
1281 1340 1360 1390 nedo-

300 1420 346 1480 iet‚
358 1428 385 1471 et
397 1422 500 1472 minime
512 1424 538 1472 in
557 1432 627 1473 textu
647 1427 790 1475 necemna
802 1435 853 1488 est,
870 1429 991 1490 quoniam
1005 1428 1092 1492 agitur
1100 1430 1136 1479 de
1148 1428 1359 1492 Pythagoreis.-

299 1509 361 1570 §ib
374 1509 520 1574 Legendum
532 1513 622 1575 opinor
635 1527 642 1560 :
655 1533 667 1556 ι
681 1514 830 1577 iisquatuor
841 1516 918 1565 dead.
932 1516 1006 1566 libris
1016 1518 1080 1566 ntis
1097 1530 1165 1580 resp.
1178 1517 1231 1567 tid.
1245 1517 1357 1567 »iitro-

300 1596 380 1648 iettur
397 1600 429 1649 ad
447 1602 497 1665 qui.
522 1602 559 1650 his
576 1603 607 1651 ad
627 1603 705 1656 tibris.
724 1604 793 1667 quod
809 1604 858 1654 boc
875 1604 934 1654 loeo
945 1605 1066 1655 alienum.
1081 1633 1107 1641 -
1120 1606 1175 1656 b'oo
1185 1605 1289 1656 deleam
1298 1620 1356 1657 oum

301 1686 449 1738 iieidtmano
467 1689 485 1738 i.
506 1690 523 1737 Ι.
541 1691 683 1740 membrum
697 1708 704 1739 :
717 1710 731 1735 «
744 1693 795 1742 Nec
815 1707 877 1743 teto
887 1694 1048 1744 desemarum
1061 1694 1262 1759 relictarumque
1273 1710 1360 1746 rerum

298 1779 465 1839 patrocinium
476 1781 636 1842 suscepimus
647 1782 747 1844 ·,quod
758 1782 898 1844 tespoadet
908 1783 1232 1847 iisqnieguntnemt
1243 1791 1317 1847 parat
1327 1797 1358 1835 et

298 1879 354 1929 que
364 1875 519 1929 sequuntur:
531 1885 545 1910 «
553 1881 604 1917 non
616 1868 685 1917 enim
695 1868 764 1918 bom.
777 1870 883 1919 interitu
895 1871 1031 1921 sententiae
1041 1871 1170 1921 occidunt.
1177 1870 1359 1921 n-Omittam

299 1968 357 2003 eum
369 1955 446 2005 bakio
456 1956 474 2005 1.
487 1955 504 2004 Ι.
520 1970 575 2007 τοι.
585 1958 742 2022 philosophos
762 1968 819 2020 post
830 1978 845 2003 ι
856 1968 946 2010 contra
957 1972 1048 2010 omnes
1060 1961 1140 2022 ι.-ς
1153 1959 1191 2009 ti„
1208 1958 1357 2011 tiemdorto

300 2042 457 2107 obsequutus
477 2046 591 2095 Baiterus
608 2046 712 2096 seclusit
731 2049 899 2097 sententiam:
912 2068 924 2092 ι
938 2049 977 2098 Ex
992 2062 1045 2113 quo
1059 2049 1160 2099 exstitit
1176 2048 1240 2099 iliud
1242 2083 1295 2099 .....
1309 2048 1360 2098 vita

299 2138 432 2195 tegeretur
445 2153 467 2192 ι,
480 2146 536 2196 quae
546 2148 597 2184 non
609 2134 685 2183 modo
696 2135 819 2184 ontionis
830 2136 926 2185 seriem
937 2136 1042 2199 rumpit,
1061 2136 1108 2186 sed
1119 2135 1199 2185 et'nm
1208 2135 1322 2186 obscure
1332 2140 1360 2185 et

299 2234 375 2282 ρηιε
387 2222 544 2272 enunciatnr.

329 2310 369 2370 Vl,
381 2311 394 2373 9
407 2310 444 2360 13.
456 2311 567 2361 Locum:
581 2332 594 2355 ι
606 2312 660 2372 Quo
682 2312 785 2376 quidem
803 2312 861 2363 ioco
879 2313 1036 2363 convocandi
1053 2326 1144 2363 omnes
1161 2312 1283 2362 videntur
1304 2312 1359 2376 qui,

298 2413 355 2463 quae
362 2400 395 2449 sit
406 2414 493 2451 earum
501 2414 570 2461 teta,
582 2402 694 2451 iudicent
703 2421 717 2446 ι
728 2402 865 2451 delendum
875 2410 964 2451 oenset
976 2402 1159 2451 Heidtmannus
1168 2400 1187 2449 1.
1198 2400 1217 2449 Ι.
1226 2399 1361 2452 ttafortas·

298 2501 327 2538 se
346 2489 435 2539 Cicero
453 2490 525 2553 prius
545 2490 612 2539 nude
629 2490 778 2551 scripserat,
796 2498 820 2538 at
839 2490 1030 2552 deincepseam
1047 2489 1202 2539 sententiam
1221 2489 1323 2538 ornavit
1334 2494 1362 2537 et

300 2579 399 2641 poetico
410 2586 530 2642 apparatu
542 2580 676 2636 instruxit;
689 2587 821 2642 utramque
841 2578 957 2638 formam,
979 2578 1049 2627 ιιιιΙΙιι
1067 2577 1215 2627 discrimine
1233 2575 1360 2637 adnibito,

299 2667 395 2717 librarii
414 2670 646 2730 seruauerunt—5
660 2670 697 2718 ii.
716 2669 807 2717 Rabius
818 2668 836 2716 Ι.
849 2668 867 2716 i.
879 2668 1070 2718 distinctionem
1089 2680 1185 2730 ponere
1201 2666 1275 2716 malit
1293 2666 1362 2716 inter

297 2756 408 2819 profecto
419 2765 446 2807 et
458 2772 498 2807 eos
511 2759 590 2821 ipson·
608 2757 671 2807 mibi
684 2770 745 2806 ueto
764 2756 866 2805 videtur
882 2757 939 2806 adu.
956 2757 1065 2819 profecto
1081 2756 1211 2818 pertinere
1231 2754 1318 2818 potios
1327 2753 1361 2804 ad

299 2848 436 2897 secundam
447 2848 609 2907 senteutiam,
630 2847 675 2896 sed
694 2847 817 2909 aptiorem
837 2846 920 2896 iocum
937 2845 1065 2895 obtineret
1084 2847 1152 2895 inter
1167 2845 1316 2895 addubitare
1332 2849 1361 2893 et

297 2941 377 2999 ωιτη
389 2935 457 2987 oooi.
469 2937 484 3002 5
494 2938 519 2986 5.
532 2937 721 2999 Nonnumquam
740 2935 845 2984 terbum
863 2936 931 2985 inter
945 2948 1036 2985 versus
1045 2935 1169 2997 scriptu
1186 2934 1214 2983 in
1224 2933 1362 2997 stipetiote

299 3028 422 3079 insertum
434 3036 484 3090 est,
496 3042 554 3079 cum
565 3027 622 3090 ejus
634 3028 704 3077 iocos
720 3027 790 3076 sitin
803 3040 878 3075 terso
890 3025 1020 3075 inferiore.

329 3117 380 3179 vii,
394 3117 409 3181 5
421 3117 457 3166 16.
470 3117 589 3167 Omttam
601 3130 659 3166 cum
671 3117 748 3166 Raiio
761 3115 777 3164 Ι.
791 3116 807 3163 Ι.
818 3116 978 3179 philosophie
994 3121 1052 3177 post
1063 3114 1270 3170 ouibusxtenim
1280 3113 1361 3164 intei-

299 3205 384 3268 ligitur
394 3206 535 3270 disdpiiooe.
544 3206 592 3267 -ξ
606 3208 642 3255 i'i.
656 3206 768 3255 Alterum
782 3205 877 3254 ridetur
887 3205 978 3255 abesse
986 3212 1070 3267 potest
1082 3212 1157 3265 post«
1164 3203 1327 3266 inquutotta
1334 3221 1358 3250 ι.

329 3306 392 3367 itti,
404 3307 417 3368 ς
428 3306 468 3356 ¹20.
480 3307 593 3357 Scribam
605 3304 768 3378 omoiopiuo,
785 3312 813 3354 ut
829 3318 905 3367 supra
925 3312 951 3354 et
962 3303 1027 3355 iufra
1039 3302 1150 3378 πρόνοια,
1163 3302 1208 3352 ubi
1219 3302 1299 3353 oodd.
1310 3302 1359 3351 ba-

300 3389 362 3440 bent
372 3404 487 3454 pronoen.

330 3477 371 3539 tx,
396 3480 408 3541 ς
426 3479 466 3528 tt.
478 3479 594 3529 Alienum
606 3479 690 3528 iocum
701 3491 826 3540 occupare
845 3479 998 3528 seutentiam
1010 3493 1018 3525 :
1033 3477 1120 3541 ·quod
1131 3488 1165 3525 ne
1176 3475 1203 3524 in
1219 3474 1359 3538 cogitatio·

300 3580 358 3617 nem
369 3567 471 3632 quidem
483 3569 561 3630 ondit,
574 3576 601 3618 ut
613 3568 689 3617 fuerit
702 3576 802 3630 tempos
816 3567 930 3631 aliquod,
949 3568 1045 3617 notium
1061 3580 1119 3616 com
1141 3574 1244 3627 tempos
1261 3570 1333 3614 esset
1345 3581 1358 3606 ι

300 3655 460 3706 manifestum
472 3663 521 3714 est,
533 3657 651 3720 quoniam
663 3655 755 3705 scindit
766 3668 796 3705 ea
808 3668 865 3719 que
877 3656 909 3705 de
929 3655 1012 3717 spatio
1023 3654 1150 3713 dicuutur,
1174 3659 1201 3702 et
1211 3650 1359 3716 negationis

300 3746 478 3795 necessitatem
488 3752 548 3795 unte
557 3739 636 3809 potest
654 3743 737 3802 affert,
756 3757 812 3808 que
827 3744 930 3808 negatio
941 3751 1029 3793 eontra
1041 3742 1175 3805 scriptoris
1185 3747 1300 3791 mentem
1311 3739 1361 3790 ad-

298 3835 374 3885 ditur.
388 3836 474 3900 itaque
486 3848 533 3885 seu
545 3833 684 3885 omittenda
696 3839 737 3883 est
748 3846 777 3883 eu
789 3833 926 3890 sententia,
944 3840 972 3882 ut
980 3832 1041 3882 velit
1052 3832 1213 3881 fleidtmann.
1225 3828 1245 3878 i.
1258 3829 1287 3890 1.,
1299 3840 1359 3886 seu,

299 3930 327 3973 ut
339 3924 457 3975 volebant
478 3923 687 3988 wyttenbachius
699 3930 724 3972 et
736 3923 862 3984 ttoserns,
881 3922 975 3986 quibus
993 3921 1112 3985 equidem
1130 3918 1267 3980 assentior,
1283 3917 1360 3981 panio

297 4026 382 4075 supra,
401 4022 457 4077 post
468 4032 482 4058 ι
495 4013 563 4064 effici
574 4025 625 4063 non
638 4012 752 4076 potuisse
766 4031 790 4073 ι,
803 4011 981 4061 transferenda
992 4018 1041 4060 est.
1049 4010 1102 4072 -ς
1112 4008 1154 4057 22.
1172 4006 1358 4057 Schneiderum

298 4117 392 4169 sequor
403 4113 429 4153 et
441 4105 613 4154 iieindortium
625 4104 742 4166 legentes
756 4117 762 4149 z
776 4110 916 4166 «unquam
928 4102 990 4151 odes
1002 4113 1094 4151 ornare
1107 4113 1138 4159 -3
1149 4096 1277 4147 claudicat
1286 4107 1359 4146 oom-

301 4192 396 4254 parutio
407 4193 487 4242 odilis
504 4201 531 4242 et
542 4193 594 4250 dei,
607 4199 634 4242 et
651 4191 744 4242 deinde
755 4191 841 4254 agitur
858 4190 890 4239 de
904 4189 1059 4240 habitatione
1070 4186 1179 4248 dei-s
1189 4184 1231 4235 23.
1244 4181 1358 4234 ttattbie

300 4282 394 4347 (verm.
407 4280 510 4332 seboin.
528 4296 554 4344 p.
572 4281 659 4343 52⁴4)
679 4281 766 4344 tegere
786 4279 886 4330 volebat
900 4294 907 4329 :
920 4299 932 4324 ι
946 4287 975 4329 ut
992 4291 1023 4329 et
1041 4289 1119 4342 quum
1135 4274 1267 4338 sapientes
1283 4283 1366 4324 oon-¹

300 4370 434 4423 modomm
451 4371 658 4433 compensatione
676 4368 769 4420 leniant
784 4383 812 4430 »;
824 4370 943 4433 equidem
962 4367 1064 4418 malim:
1078 4373 1106 4416 ot
1122 4376 1163 4426 et,
1182 4363 1205 4413 si
1226 4361 1360 4425 sepiem
