3325 5159
432 590 473 644 lin
488 600 602 645 rrurnns
616 600 753 645 nononun
771 588 816 656 lli,
833 597 1017 655 xxvr-xxvru,
1033 586 1124 643 ill-78.
1275 590 1308 642 ta

247 711 350 773 gustiis,
362 718 411 761 ete.
428 725 458 771 »3
470 724 544 776 quarn
556 712 709 762 senteutiam
720 711 833 775 neglexit
844 723 895 773 prae
907 709 1005 760 meliori
1020 722 1068 773 qua
1081 710 1253 760 conclusionis
1265 724 1308 761 se-

248 801 299 850 ries
310 800 401 850 melius
412 801 522 851 nectitur
535 816 542 849 ε
562 800 694 850 «sublatis
709 800 827 851 omnibus
839 799 942 860 officiis,
962 811 1018 862 quae
1030 811 1088 848 esse
1101 806 1217 861 poterant
1230 799 1307 849 renus

247 889 366 939 omnibus
377 889 414 939 sio
426 889 573 954 exaequatis,
586 896 614 940 ut
625 890 692 940 inter
704 902 748 940 eas
760 889 821 939 nihil
834 889 980 949 interesset,
989 902 1019 938 ex
1033 888 1090 939 istis
1100 888 1235 952 angustiis,
1243 896 1307 939 ete.»

247 980 351 1028 Servata
364 986 469 1043 utraque
481 978 607 1029 sententia
621 979 708 1029 villum
721 978 866 1042 tautologiae
879 985 957 1041 patet.
973 977 1053 1038 Quum
1065 976 1223 1027 confusionis
1234 991 1309 1028 eausa

247 1067 361 1118 editores
380 1067 500 1132 fugisset,
519 1067 561 1117 alii
572 1068 726 1118 addiderunt
740 1069 807 1117 euim
822 1075 881 1117 aute
894 1081 945 1116 ease
956 1070 1081 1130 poterunt,
1094 1079 1151 1116 cum
1163 1065 1310 1129 interroga-

248 1156 326 1207 tionis
343 1163 401 1208 noia
420 1164 477 1218 post
494 1156 637 1212 interessem
657 1156 798 1220 Madvigius
816 1155 911 1206 mavult
929 1157 1025 1206 addere
1045 1170 1094 1204 nort
1111 1162 1170 1205 ante
1187 1158 1310 1219 poterunt,

247 1258 323 1308 quem
330 1251 453 1308 sequutus
459 1252 499 1294 est
508 1244 629 1294 Baiterus.
639 1272 667 1280 -
677 1244 793 1294 omittam
804 1244 926 1308 possimus
938 1251 995 1306 post
1007 1258 1098 1293 necne.
1110 1271 1140 1280 -
1153 1245 1164 1306 5
1177 1244 1217 1294 70.
1235 1244 1310 1293 Pron.

248 1334 315 1394 lue„
327 1333 394 1396 quod
412 1332 486 1383 alvest
496 1333 529 1382 ab
540 1333 691 1396 quibusdam
707 1333 782 1383 codd.
798 1346 850 1382 non
868 1332 1056 1392 deterioribus,
1075 1338 1102 1381 et
1118 1331 1223 1381 verbnm
1243 1331 1310 1391 dieis,

247 1421 317 1484 quod
329 1420 421 1484 legitur
440 1420 466 1469 in
478 1420 597 1470 omnibns
610 1420 697 1477 codd„
717 1433 825 1484 proquo
844 1421 957 1470 editores
974 1421 1036 1470 dant
1054 1420 1111 1469 dicit
1117 1457 1125 1478 ,
1144 1420 1206 1469 milri
1225 1419 1311 1481 spuria

248 1509 382 1568 videntnr3
403 1508 502 1558 tardant
519 1508 661 1558 orationem
677 1508 733 1557 sine
751 1508 802 1558 ullo
819 1508 1009 1571 perspicuitatis
1027 1507 1126 1557 fructu:
1146 1506 1218 1557 laeile
1235 1506 1311 1556 intel-

248 1596 336 1659 ligitur
354 1596 426 1653 dicit,
444 1596 478 1646 ol)
491 1597 569 1660 inquit
587 1596 654 1660 quod
674 1596 747 1659 paulo
764 1609 840 1659 snpra
852 1596 984 1645 habemus.
997 1623 1026 1632 -
1039 1596 1151 1645 Verbum
1169 1595 1268 1659 differre
1286 1596 1310 1645 in

247 1699 299 1750 quo
310 1686 464 1737 dissentiunt
475 1686 579 1737 codices
587 1685 688 1736 videtur
699 1685 838 1749 glossema,
850 1692 876 1736 et
889 1691 974 1747 potest
985 1685 1076 1734 abesse
1088 1684 1206 1749 quoniam
1219 1685 1312 1748 legitur

249 1774 323 1837 paulo
335 1774 399 1823 inira
411 1774 535 1824 interesse.
549 1774 618 1825 idern
630 1774 681 1825 diei
694 1781 779 1837 potest
789 1775 822 1824 de
835 1774 915 1823 inciso
927 1792 940 1817 u
950 1773 1038 1823 neseio
1050 1773 1109 1837 quid
1123 1772 1275 1822 immensum
1284 1788 1311 1832 »ς

248 1862 323 1913 abeat
339 1875 354 1912 a
372 1863 462 1913 eodioe
474 1863 610 1924 Carrionis,
629 1862 723 1927 iegitur
741 1863 767 1912 in
785 1863 843 1913 aliis
863 1864 955 1927 «quod
967 1864 1119 1912 immensum
1131 1862 1165 1912 sit
1177 1880 1190 1907 u
1208 1871 1235 1911 et
1251 1861 1311 1912 illud

249 1952 418 2003 omittendum
435 1960 543 2002 censent
554 1952 697 2002 Gronovius
715 1961 742 2001 et
754 1952 884 2012 liavisius3
903 1964 935 2002 eo
950 1952 1035 2001 deleto
1053 1951 1144 2001 melius
1163 1950 1312 2013 intelligitur

249 2053 328 2104 quare
340 2040 437 2104 dipem
448 2040 568 2091 abundat.
580 2068 611 2077 -
623 2041 635 2103 5
646 2042 687 2090 il.
707 2041 850 2105 Madvigius
863 2041 1045 2103 interpretatur
1061 2055 1067 2087 :
1090 2061 1100 2084 ι
1115 2040 1185 2091 idem
1204 2039 1286 2089 adlrue
1300 2060 1310 2081 n

250 2131 323 2194 quasi
340 2131 431 2182 Cicero
447 2131 571 2181 dixisset:
591 2148 604 2175 u
617 2130 708 2180 Adhuc
726 2130 793 2181 idem
811 2131 874 2180 dicit
884 2131 953 2180 Zeno
972 2130 1040 2193 quod
1053 2129 1152 2189 Aristo,
1170 2128 1229 2179 audi
1247 2141 1314 2177 nune

250 2218 347 2282 reliqna
361 2238 371 2261 »
383 2233 392 2278 ς
403 2219 488 2283 itaque
501 2219 636 2282 legendum
648 2219 739 2282 opinor
751 2234 758 2267 z
771 2238 784 2264 a
796 2219 871 2269 iidem
882 2219 965 2269 adhue
979 2237 1001 2266 ι.

281 2309 364 2367 lixit,
377 2309 439 2372 573.
452 2307 561 2372 iladvig.
582 2316 609 2359 et
620 2308 714 2358 Baiter.
729 2321 760 2358 ex
776 2310 834 2358 eod.
853 2309 880 2357 B.
898 2309 1005 2371 legunt;
1026 2320 1103 2371 «quo
1114 2306 1210 2358 modo?
1224 2326 1235 2348 u
1256 2310 1312 2367 post

255 2398 440 2449 «avaritiamne
464 2396 598 2448 minuis?»
620 2397 762 2447 Admodum
786 2410 942 2460 supervacua
961 2404 1001 2446 est
1017 2398 1069 2446 haec
1086 2395 1266 2459 interrogatio,
1286 2403 1313 2445 et

250 2489 324 2540 deest
342 2487 465 2538 transitus
481 2485 513 2536 ad
532 2498 562 2535 ea
580 2498 637 2549 quae
654 2492 812 2549 sequuntur;
831 2486 917 2548 itaque
935 2484 1021 2534 malim
1035 2485 1170 2534 lectionem
1186 2484 1312 2547 vulgatam

250 2589 353 2628 servare
366 2592 373 2625 r
386 2595 399 2621 u
414 2575 516 2639 Quodsi
528 2575 633 2625 verbum
645 2574 776 2638 sequimur
789 2596 809 2621 ».
823 2602 851 2610 -
866 2576 984 2625 Comma:
999 2585 1099 2636 ‹quaea
1113 2580 1138 2623 te
1149 2572 1216 2622 dieta
1228 2582 1307 2623 sum»

249 2666 342 2716 abesse
355 2678 430 2728 posse
442 2664 504 2714 milri
517 2664 627 2715 videtur.

284 2754 380 2814 llilvll,
392 2755 404 2817 5
415 2756 457 2804 it.
475 2754 555 2805 Velim
568 2753 676 2817 legere:
698 2772 710 2796 α
724 2755 777 2803 lam
787 2767 820 2805 ex
831 2754 945 2812 eisdem,
959 2760 1009 2803 etc.
1023 2772 1035 2795 ο
1056 2766 1102 2816 pro
1122 2754 1205 2803 «Nam
1217 2765 1249 2801 ex
1261 2752 1315 2802 eis·

250 2845 310 2893 dem
325 2864 346 2892 ι.
359 2869 390 2878 -
402 2843 414 2905 5
426 2843 465 2891 75.
487 2842 642 2892 Vocabulum
662 2843 742 2891 nemis
760 2855 806 2892 seu
825 2842 935 2891 uvuurerr'a
952 2840 1112 2902 (alterutrum
1130 2841 1190 2890 dant
1201 2823 1314 2902 codices]

250 2945 437 2996 supervacuum
450 2932 560 2990 videtur,
572 2940 599 2981 et
610 2931 728 2994 quoniam
742 2932 767 2981 in
780 2945 810 2981 ea
822 2931 948 2982 sententia
960 2930 1154 2995 intelligendum
1165 2944 1260 2981 ascetae
1272 2934 1314 2985 est.

251 3024 359 3073 torusse
371 3021 445 3084 liuius
457 3021 572 3071 lormulte
584 3020 763 3083 compendium
779 3020 845 3071 male
858 3020 1052 3083 interpretatum
1071 3026 1097 3069 et
1116 3019 1226 3081 positum
1248 3017 1315 3067 illius

251 3112 368 3163 voeabnli
386 3111 552 3163 insertionem
570 3110 671 3161 adtulit.
682 3136 710 3145 -
726 3110 789 3173 576.
802 3110 902 3168 llelius,
921 3110 1022 3173 opinor,
1042 3108 1160 3171 legetur:
1181 3111 1231 3155 «at
1248 3106 1271 3155 si
1288 3106 1314 3155 in

252 3202 307 3264 ipsa
324 3200 510 3265 gubernatione
526 3220 536 3241 ·
548 3211 623 3263 quam
636 3217 649 3244 u
663 3203 686 3248 et
697 3198 719 3248 si
730 3207 782 3252 eet.
797 3214 826 3259 ις
839 3198 934 3249 etenim
945 3198 1059 3261 quaedam
1071 3194 1199 3259 oppositio
1210 3193 1278 3244 inest
1289 3194 1314 3242 in

253 3290 388 3340 sententia.

284 3378 389 3439 xxvttt,
405 3377 471 3438 577.
490 3376 534 3426 Vel
551 3375 721 3427 omittendum
738 3375 781 3421 aut
799 3378 859 3420 ante
878 3369 1043 3425 concedatur,
1060 3365 1099 3416 vel
1119 3364 1255 3429 legendum
1272 3367 1315 3412 uut

253 3480 299 3529 pro
311 3470 334 3517 et
345 3466 423 3530 puna.
442 3465 510 3515 luter
524 3464 672 3515 alterutram
684 3462 791 3513 lormam
804 3458 944 3510 fluctuabat
954 3456 1069 3515 Tullius3
1089 3453 1213 3503 librarius
1228 3453 1315 3516 inepte

253 3561 386 3618 utramque
402 3552 583 3616 transscripsit.
594 3550 652 3615 -5
666 3552 708 3600 78.
731 3549 861 3609 Baiterus,
880 3554 984 3597 auctore
996 3543 1122 3604 Manutio,
1141 3556 1187 3605 pro
1198 3542 1314 3592 codicum

254 3643 365 3693 lectione
379 3663 389 3685 «
403 3655 435 3692 er
447 3642 536 3692 ordine
551 3660 579 3701 »,
597 3639 679 3690 edidit
692 3660 702 3681 «
713 3651 745 3688 ex
758 3651 802 3688 ore
816 3658 839 3695 ι,
851 3637 919 3700 quod
931 3648 993 3685 sane
1005 3640 1120 3697 praestat3
1141 3639 1314 3682 verumtamen

254 3732 327 3782 facile
338 3731 430 3782 abesse
443 3737 536 3794 potest.
