3325 5159
344 668 395 723 itt
482 681 484 686 ·
651 666 693 723 its
708 678 832 724 oremus
847 666 895 735 ill,
909 678 992 738 xer,
1007 665 1099 723 tnui.

340 803 450 867 legendo
464 819 470 851 ε
486 804 661 867 «Quamquam
674 804 781 865 fortusse
793 804 819 854 id
831 804 936 867 quidem
947 826 968 866 ι,
982 811 1010 854 ιιι
1020 805 1095 854 Ture.
1110 804 1129 860 Ι,
1144 804 1196 866 §di
1210 819 1218 851 ι
1231 804 1409 867 «Qusnuqnunr

342 893 450 943 ioutsse
461 894 486 943 id
499 907 610 957 quoque,
622 894 678 951 sed,
691 901 742 944 eto.
757 913 767 936 ι
782 907 858 957 quem
871 893 954 943 ioeurn
967 893 1089 943 indicarit
1099 893 1218 944 Oreiiius.
1234 892 1318 943 Facile
1336 905 1413 943 eom·

342 984 431 1046 pendis
445 996 534 1033 uorum
545 987 626 1046 potest
638 990 665 1033 et
676 982 781 1044 fortusse
792 983 968 1033 contusionem
981 984 1088 1047 gignere
1101 990 1247 1046 potuerunt.
1435 970 1438 974 ⁴

374 1072 403 1132 X,
417 1072 428 1133 5
440 1072 479 1121 id.
496 1073 593 1135 Sequar
605 1072 730 1122 {ieiunium
743 1074 785 1136 qui
798 1073 886 1136 legere
900 1073 959 1123 vetit
974 1089 980 1121 ι
1000 1090 1012 1117 u
1026 1074 1107 1137 quood
1122 1074 1178 1122 sine
1194 1072 1301 1123 atterius
1317 1072 1408 1122 iniuria

343 1161 385 1209 lut
399 1181 420 1218 ·,
434 1173 480 1223 pro
491 1162 564 1225 quod,
578 1169 627 1211 ete.
641 1163 682 1210 Sic
694 1161 757 1211 inire
771 1162 783 1224 5
795 1164 825 1212 ts
844 1162 955 1226 iegitur:
975 1182 987 1207 u
1001 1164 1083 1225 quiond
1103 1176 1147 1225 per·
1163 1162 1235 1226 leges
1254 1161 1329 1212 lineat
1345 1181 1365 1207 »-
1379 1187 1409 1198 -

341 1251 352 1313 5
365 1251 404 1300 tt.
419 1255 528 1301 Arretore
542 1252 648 1312 Lemnio,
664 1252 756 1301 merito
768 1252 871 1314 scripsit
884 1253 1013 1301 Baiterus:
1028 1265 1105 1302 ·cum
1119 1263 1179 1302 reru
1191 1251 1410 1301 iumtosententin

340 1341 446 1390 dicenda
460 1347 495 1391 est
509 1362 530 1403 ι,
545 1355 589 1404 pro
604 1341 671 1404 rrrig.
684 1342 715 1390 sit
727 1342 794 1404 quod
810 1342 904 1391 habeut
915 1343 990 1392 eodd.
1003 1342 1043 1390 sui
1056 1354 1154 1394 ornnes.
1173 1342 1274 1391 Etenim
1292 1354 1348 1389 eum
1367 1340 1409 1389 hie

343 1430 408 1479 reiet
421 1430 619 1494 quotiescunque.
631 1458 660 1467 -
674 1430 688 1494 5
700 1431 739 1480 to.
754 1435 865 1481 Auctore
878 1431 997 1490 deuotio,
1011 1432 1079 1481 idern
1094 1439 1183 1481 eontra
1199 1430 1303 1480 codices
1318 1428 1410 1478 merito

340 1519 440 1569 edidit:
455 1542 464 1564 ‹
480 1532 524 1569 ras
535 1518 617 1570 iaetus
628 1520 660 1569 u't
676 1540 684 1560 ι
701 1534 747 1583 pro
760 1526 804 1578 est,
818 1522 938 1584 quoniam
955 1521 1003 1571 hoe
1026 1521 1130 1570 vernum
1150 1520 1244 1583 pendet
1262 1533 1277 1570 a
1293 1519 1362 1581 conj.
1383 1524 1410 1569 ut

341 1622 397 1673 qnee
408 1609 502 1672 iegitur
515 1610 582 1660 inter
593 1610 671 1672 fuisse
683 1617 785 1660 etcum.

373 1698 414 1756 ΧΙ,
427 1698 438 1760 5
451 1700 490 1749 tt.
509 1701 537 1747 V.
551 1707 636 1749 notam
648 1700 679 1750 ud
693 1701 705 1761 5
718 1702 774 1749 tit.
786 1729 816 1737 -
829 1702 841 1762 5
852 1701 891 1751 te.
905 1701 993 1750 Uitinu
1007 1701 1097 1763 eapitis
1110 1700 1140 1749 xt
1161 1700 1287 1749 sententie
1302 1714 1308 1746 ε
1328 1719 1338 1742 ι
1352 1699 1409 1749 iiie-

342 1787 389 1838 iius
401 1789 426 1837 ni
438 1802 513 1853 quarn
526 1802 582 1851 nos,
595 1789 639 1852 qui
653 1789 747 1852 piretus
760 1790 885 1839 immunes
897 1791 982 1840 socios
994 1790 1130 1853 vectigales
1147 1789 1270 1839 habentus
1283 1809 1306 1849 ι,
1318 1788 1408 1837 >eliens

342 1878 366 1925 iu.
381 1879 397 1925 i.
412 1878 521 1934 videtur,
535 1878 638 1927 minime
650 1878 718 1927 euim
737 1877 847 1928 refertur
865 1879 897 1928 nd
915 1891 945 1927 en
965 1891 1021 1942 qnee
1041 1879 1110 1940 prins
1129 1877 1255 1941 teguntur.
1276 1875 1409 1939 Aptinuem

343 1967 424 2015 torum
436 1967 565 2016 obtineret
577 1980 632 2029 cup.
646 1967 721 2026 ΧΧΙΙ,
734 1968 748 2030 5
759 1968 790 2016 st
803 1975 860 2029 post
873 1968 949 2016 verbu
963 1982 969 2014 :
985 1987 994 2009 ι
1011 1968 1147 2029 piratarum
1160 1966 1250 2015 melior
1261 1965 1409 2027 fidesquenr

341 2062 476 2105 senatus».
490 2055 609 2105 Fortasse
622 2063 705 2105 umen
720 2055 760 2105 irie
772 2057 863 2105 subest
874 2057 981 2119 gemiuae
993 2057 1178 2106 enunciationis
1188 2056 1333 2118 exemptum
1340 2057 1409 2117 quod

340 2144 459 2194 librar-ios
472 2144 553 2208 iugit3
567 2144 650 2207 itaque
663 2147 797 2195 sententie
813 2152 938 2207 suspecte
956 2145 1038 2195 inerim
1058 2152 1240 2208 praeposterum
1258 2145 1410 2207 assignave-

320 2215 324 2223 ’
340 2240 410 2283 runt.
956 2276 959 2283 .

372 2322 424 2379 xit,
437 2321 449 2383 5
460 2323 499 2371 51.
517 2322 612 2384 Opinon·
625 2322 759 2385 tegendum
772 2336 829 2372 esse
843 2338 850 2369 ι
866 2337 941 2372 «cnm
956 2323 1035 2372 maior
1046 2324 1077 2372 rit
1089 2324 1161 2387 eopia
1177 2344 1186 2365 »
1199 2340 1205 2383 ;
1218 2336 1274 2372 eum
1287 2322 1328 2372 hio
1342 2323 1410 2374 valet

343 2410 475 2474 quonium
488 2410 558 2458 nuxit
569 2410 668 2473 copiam
680 2407 801 2460 tenimenti
815 2424 896 2461 nouus
916 2412 1044 2470 venditor,
1063 2411 1122 2469 ideo
1140 2411 1216 2473 penio
1234 2410 1307 2460 riiius
1327 2410 1408 2475 iit„-

342 2501 353 2558 5
364 2498 403 2546 53.
420 2498 518 2547 Verba:
534 2498 653 2561 «inquiet
666 2498 708 2548 iiie
718 2518 739 2560 »‚
753 2506 835 2561 postu
847 2501 1024 2558 inunoveron,
1038 2500 1408 2562 Baiter-usserunt;equidem

342 2586 479 2636 reiedioum
492 2600 594 2650 quoque
615 2587 701 2637 uerbis
719 2609 729 2630 ·
746 2600 851 2637 necesse
871 2596 910 2637 est
929 2607 951 2650 u,
970 2600 1024 2651 quur
1042 2590 1119 2638 intent
1136 2590 1161 2638 in
1180 2588 1286 2639 ior-mutu
1303 2588 1408 2638 «immo

343 2688 402 2725 tero
413 2696 434 2724 u.
447 2676 517 2725 doni.
533 2689 589 2739 quae
601 2676 712 2726 diximus
723 2676 781 2738 §tu

372 2765 435 2827 ΧΙΙΙ,
450 2766 511 2827 554.
530 2765 689 2815 Treusiernm
703 2773 759 2827 post
771 2765 849 2814 rerba
861 2783 874 2810 u
888 2779 963 2815 nenio
974 2766 1038 2814 seint
1048 2784 1070 2825 u,
1084 2772 1187 2814 auctore
1202 2764 1310 2822 Baitero,
1323 2778 1408 2816 mem-

342 2854 416 2903 brum
430 2868 436 2902 2
451 2876 462 2897 ι
476 2856 610 2917 ignoretur
622 2856 647 2904 in
660 2855 778 2904 omnibus
797 2855 923 2904 errbieuiis
940 2867 1063 2917 apparere
1082 2861 1252 2915 serpentes»,
1272 2860 1298 2903 et
1316 2854 1408 2904 addunt

340 2944 503 2993 nihilominus
518 2944 568 2993 siut
582 2952 640 3007 post
651 2945 794 3002 materiato,
814 2944 848 2994 oii
869 2945 974 2994 uerbum
994 2944 1138 2992 iubeantur.
1152 2971 1180 2979 —
1196 2943 1256 3006 556.
1279 2943 1407 3005 Unger-nm

340 3046 434 3097 sequor
447 3034 574 3097 tegentem
587 3034 603 3082 Ι.
617 3034 633 3082 i.
648 3052 661 3077 «
674 3047 730 3098 qute
742 3034 902 3084 diiudienndn
914 3038 950 3083 est
964 3054 986 3095 υ,
1000 3047 1044 3095 pro
1058 3033 1204 3095 irriguum.
1218 3058 1249 3070 -·
1260 3033 1272 3094 5
1284 3033 1324 3082 fit.
1342 3032 1406 3092 cod.

340 3137 394 3187 reg.
408 3124 502 3173 habet:
517 3145 527 3165 o
539 3138 615 3187 quum
628 3125 688 3187 quid
702 3125 810 3172 reticens
820 3134 842 3184 ὴ,
857 3136 901 3185 pro
914 3123 1037 3187 quioquid,
1051 3135 1106 3185 quae
1118 3122 1252 3172 leutionnn
1263 3124 1407 3186 spernenda

341 3212 402 3262 rniiri
418 3214 525 3264 ridetur.
535 3241 565 3249 -
577 3213 743 3263 Ruhnkenius
755 3214 888 3263 delendum
901 3227 958 3262 esse
970 3212 1091 3263 censebat
1103 3213 1254 3262 senteutiam
1270 3228 1275 3260 :
1290 3234 1300 3256 ι
1312 3213 1370 3264 Haeo
1382 3219 1408 3261 et

341 3310 378 3352 tot
390 3303 437 3352 niia
451 3304 520 3365 plura
533 3317 617 3353 nonne
629 3303 717 3353 inntiie
731 3311 770 3352 est
784 3304 901 3353 vitiorum
915 3303 1001 3354 subire
1020 3302 1139 3353 nominet
1153 3324 1174 3351 ι,
1193 3320 1205 3346 a
1220 3304 1293 3362 Seurri,
1310 3302 1407 3362 aiebat,
1452 3304 1455 3311 '

341 3392 453 3455 magistri
466 3391 597 3454 curjusdem
609 3393 651 3455 qui
664 3391 838 3442 offenderetur
851 3399 886 3442 tot
898 3405 1092 3455 synonymorum
1105 3393 1295 3441 muuervetione
1310 3412 1329 3438 ι.
1346 3392 1405 3443 For·

341 3491 407 3533 tasse
420 3484 498 3547 igitur
509 3484 646 3545 scripserat
657 3484 766 3540 uuidere,
781 3496 826 3545 pro
838 3483 929 3531 sutue.
942 3508 973 3519 -
985 3482 1047 3532 Vide
1059 3490 1144 3531 notem
1155 3483 1187 3533 nd
1200 3483 1224 3545 55
1236 3483 1320 3532 itt-92.

372 3573 433 3634 xiv,
447 3574 459 3635 5
471 3575 509 3623 58.
528 3573 666 3635 Scripsisse
679 3574 826 3623 (iseronem
839 3572 957 3634 suspieor
970 3587 976 3619 ε
990 3590 1002 3615 u
1016 3572 1123 3622 Venaies
1142 3574 1254 3636 quidem,
1274 3574 1362 3639 iuquit,
1376 3588 1404 3625 se

341 3677 389 3713 non
402 3663 497 3713 hebere
513 3677 539 3723 -3
554 3662 594 3711 rix
606 3662 698 3712 abesse
712 3669 795 3724 potest
807 3662 914 3711 veritum
925 3662 1010 3724 iuquit,
1031 3663 1076 3711 sed
1098 3662 1169 3712 iueiie
1187 3663 1340 3726 intelligitur
1357 3678 1405 3715 uox

340 3754 423 3801 tortos
442 3765 516 3815 quum
536 3752 620 3801 omisi.
634 3779 662 3787 -
676 3752 738 3813 560.
758 3753 849 3801 (lorum
869 3765 930 3802 suos
950 3752 1062 3812 codices
1084 3752 1127 3814 qni
1148 3752 1242 3801 hebent
1260 3767 1395 3817 quaterem

284 3852 287 3858 ·
340 3841 430 3893 scribit
444 3841 559 3892 Baiter-us
571 3846 732 3906 quereretur,
746 3842 813 3905 quod
828 3855 876 3892 non
890 3842 1040 3905 improbem.
1054 3843 1170 3906 Ungerus
1182 3843 1251 3892 malit.
1258 3851 1405 3906 quererent.

371 3932 422 3989 XV,
435 3930 500 3995 561.
519 3931 665 3995 [tegendum
678 3943 736 3982 esse
758 3931 809 3979 «iu
822 3931 899 3979 tutein
914 3949 935 3992 ν,
956 3944 1002 3993 pro
1023 3931 1090 3995 vnig.
1112 3936 1164 3980 «ut
1182 3932 1259 3981 tutein
1275 3952 1296 3992 »,
1318 3941 1405 3986 mouet
1466 3992 1468 3997 Ι

342 4020 433 4086 Unger.
448 4022 464 4069 Ι.
478 4020 495 4070 Ι.
508 4049 538 4059 -
551 4023 562 4083 5
574 4020 613 4070 63.
628 4020 654 4069 in
667 4021 952 4072 ordine'seuteutiurum
971 4022 1065 4083 quibus
1083 4028 1182 4072 constet
1201 4021 1241 4070 hie
1260 4022 1272 4083 5
1290 4022 1404 4073 nonnihit

341 4110 515 4173 perturbatum
527 4109 606 4159 tuisse
619 4108 692 4159 ieoiie
704 4116 824 4172 apparet:
837 4123 894 4159 nuru
906 4110 956 4159 sibi
969 4123 1018 4160 riou
1031 4110 1064 4159 itu
1077 4110 1216 4160 suoreduut
1229 4118 1257 4161 ut
1268 4122 1404 4174 ergurueu·

341 4199 402 4250 tatio
421 4200 558 4263 procedam
577 4198 654 4249 irnrno
673 4199 816 4263 retrogredi
837 4200 947 4249 ridetur.
967 4199 1104 4249 Enimvero
1122 4200 1270 4249 sententie:
1292 4202 1402 4265 «Neque

340 4290 407 4340 enim
427 4288 508 4338 seium
530 4288 604 4338 nobis
624 4288 717 4338 divites
736 4301 793 4339 esse
812 4289 938 4349 volumus,
957 4288 1002 4339 sed
1022 4287 1118 4347 liberis,
1141 4291 1297 4362 propinquis,
1315 4291 1403 4341 amieis

340 4379 499 4441 meximeque
511 4377 672 4440 reipubiieae;
684 4379 842 4442 singulorum
855 4379 922 4428 euim
941 4375 1073 4429 munitates
1091 4387 1117 4429 et
1134 4377 1214 4444 cupite
1231 4380 1327 4431 diritius
1343 4389 1402 4431 suut

339 4468 449 4520 ciuiuus
458 4484 479 4525 u,
494 4462 616 4517 deminui
630 4467 706 4517 tribui
718 4467 815 4531 nequit,
829 4476 887 4517 uam
900 4467 922 4517 si
935 4467 1068 4528 tribuetur,
1082 4468 1142 4519 huie
1155 4460 1297 4521 «Soeeuoiae
1308 4469 1402 4526 isotum
