<?xml version="1.0" encoding="UTF-8"?>
<!DOCTYPE html PUBLIC "-//W3C//DTD XHTML 1.0 Transitional//EN"
    "http://www.w3.org/TR/xhtml1/DTD/xhtml1-transitional.dtd">
<html xmlns="http://www.w3.org/1999/xhtml" xml:lang="en" lang="en">
 <head>
  <title>
</title>
<meta http-equiv="Content-Type" content="text/html;charset=utf-8" />
  <meta name='ocr-system' content='tesseract 3.04.00' />
  <meta name='ocr-capabilities' content='ocr_page ocr_carea ocr_par ocr_line ocrx_word'/>
</head>
<body>
  <div class='ocr_page' id='page_1' title='image "./inciceronislibr00vaucgoog_0047.png"; bbox 0 0 3325 5159; ppageno 0'>
   <div class='ocr_carea' id='block_1_1' title="bbox 477 590 1330 660">
    <p class='ocr_par' dir='ltr' id='par_1_1' title="bbox 477 590 1330 660">
     <span class='ocr_line' id='line_1_1' title="bbox 477 590 1330 660; baseline -0.001 -13"><span class='ocrx_word' id='word_1_1' title='bbox 477 591 518 647; x_wconf 79' lang='lat' dir='ltr'><strong>lin</strong></span> <span class='ocrx_word' id='word_1_2' title='bbox 532 604 646 648; x_wconf 87' lang='lat' dir='ltr'><strong>rrnrnos</strong></span> <span class='ocrx_word' id='word_1_3' title='bbox 660 603 797 647; x_wconf 86' lang='lat' dir='ltr'><strong>nououurr</strong></span> <span class='ocrx_word' id='word_1_4' title='bbox 811 590 859 660; x_wconf 91' lang='lat' dir='ltr'><strong>lli,</strong></span> <span class='ocrx_word' id='word_1_5' title='bbox 875 603 1011 653; x_wconf 83' lang='lat' dir='ltr'><strong>xvir-xix.</strong></span> <span class='ocrx_word' id='word_1_6' title='bbox 1027 591 1123 649; x_wconf 77' lang='lat' dir='ltr'><strong>nrt-63.</strong></span> <span class='ocrx_word' id='word_1_7' title='bbox 1295 590 1330 647; x_wconf 83' lang='grc'><strong>39</strong></span> 
     </span>
    </p>
   </div>
   <div class='ocr_carea' id='block_1_2' title="bbox 246 729 1406 4447">
    <p class='ocr_par' dir='ltr' id='par_1_2' title="bbox 268 729 1331 969">
     <span class='ocr_line' id='line_1_2' title="bbox 270 729 1331 792; baseline 0 -14"><span class='ocrx_word' id='word_1_8' title='bbox 270 730 320 779; x_wconf 93' lang='lat' dir='ltr'><strong>bus</strong></span> <span class='ocrx_word' id='word_1_9' title='bbox 330 729 392 779; x_wconf 90' lang='lat' dir='ltr'><strong>nibil</strong></span> <span class='ocrx_word' id='word_1_10' title='bbox 404 735 495 792; x_wconf 76' lang='lat' dir='ltr'><strong>praeter</strong></span> <span class='ocrx_word' id='word_1_11' title='bbox 506 730 614 779; x_wconf 81' lang='lat' dir='ltr'><strong>amicum</strong></span> <span class='ocrx_word' id='word_1_12' title='bbox 628 750 650 790; x_wconf 77' lang='grc' dir='ltr'><strong>ι,</strong></span> <span class='ocrx_word' id='word_1_13' title='bbox 664 730 747 779; x_wconf 86' lang='lat' dir='ltr'><strong>malint</strong></span> <span class='ocrx_word' id='word_1_14' title='bbox 760 729 856 792; x_wconf 84' lang='lat' dir='ltr'><strong>legere,</strong></span> <span class='ocrx_word' id='word_1_15' title='bbox 868 742 925 779; x_wconf 90' lang='lat' dir='ltr'><strong>cum</strong></span> <span class='ocrx_word' id='word_1_16' title='bbox 937 729 1011 778; x_wconf 89' lang='lat' dir='ltr'><strong>oodd.</strong></span> <span class='ocrx_word' id='word_1_17' title='bbox 1024 732 1044 778; x_wconf 79' lang='grc' dir='ltr'><strong>Α</strong></span> <span class='ocrx_word' id='word_1_18' title='bbox 1055 730 1082 789; x_wconf 88' lang='lat' dir='ltr'><strong>lt,</strong></span> <span class='ocrx_word' id='word_1_19' title='bbox 1097 750 1107 771; x_wconf 84' lang='lat'><strong>«</strong></span> <span class='ocrx_word' id='word_1_20' title='bbox 1122 730 1291 791; x_wconf 75' lang='lat' dir='ltr'><strong>pertinentem</strong></span> <span class='ocrx_word' id='word_1_21' title='bbox 1304 742 1331 778; x_wconf 88' lang='lat' dir='ltr'><strong>et</strong></span> 
     </span>
     <span class='ocr_line' id='line_1_3' title="bbox 269 817 1330 881; baseline -0.003 -12"><span class='ocrx_word' id='word_1_22' title='bbox 269 819 421 870; x_wconf 87' lang='lat' dir='ltr'><strong>efficientem</strong></span> <span class='ocrx_word' id='word_1_23' title='bbox 433 819 570 881; x_wconf 80' lang='lat' dir='ltr'><strong>rapientem</strong></span> <span class='ocrx_word' id='word_1_24' title='bbox 582 832 640 869; x_wconf 88' lang='lat' dir='ltr'><strong>esse</strong></span> <span class='ocrx_word' id='word_1_25' title='bbox 655 817 749 867; x_wconf 85' lang='lat' dir='ltr'><strong>volunt.</strong></span> <span class='ocrx_word' id='word_1_26' title='bbox 766 839 786 864; x_wconf 84' lang='lat'><strong>».</strong></span> <span class='ocrx_word' id='word_1_27' title='bbox 808 818 927 868; x_wconf 77' lang='lat' dir='ltr'><strong>Editores</strong></span> <span class='ocrx_word' id='word_1_28' title='bbox 939 818 1095 867; x_wconf 75' lang='lat' dir='ltr'><strong>recentiores</strong></span> <span class='ocrx_word' id='word_1_29' title='bbox 1108 824 1275 867; x_wconf 74' lang='lat' dir='ltr'><strong>correxerunt</strong></span> <span class='ocrx_word' id='word_1_30' title='bbox 1285 831 1330 866; x_wconf 78' lang='lat' dir='ltr'><strong>cu-</strong></span> 
     </span>
     <span class='ocr_line' id='line_1_4' title="bbox 268 907 395 969; baseline 0 -14"><span class='ocrx_word' id='word_1_31' title='bbox 268 907 395 969; x_wconf 78' lang='lat' dir='ltr'><strong>pientiam.</strong></span> 
     </span>
    </p>

    <p class='ocr_par' dir='ltr' id='par_1_3' title="bbox 246 995 1406 3291">
     <span class='ocr_line' id='line_1_5' title="bbox 302 995 1331 1059; baseline 0.001 -15"><span class='ocrx_word' id='word_1_32' title='bbox 302 995 383 1056; x_wconf 84' lang='lat' dir='ltr'><strong>xvtl,</strong></span> <span class='ocrx_word' id='word_1_33' title='bbox 396 996 408 1057; x_wconf 62' lang='grc' dir='ltr'>ᾗ</span> <span class='ocrx_word' id='word_1_34' title='bbox 420 996 459 1045; x_wconf 83' lang='grc'><strong>56.</strong></span> <span class='ocrx_word' id='word_1_35' title='bbox 478 996 598 1058; x_wconf 77' lang='lat' dir='ltr'><strong>Exempla</strong></span> <span class='ocrx_word' id='word_1_36' title='bbox 612 1012 618 1043; x_wconf 73' lang='grc' dir='ltr'>ι</span> <span class='ocrx_word' id='word_1_37' title='bbox 634 1017 644 1038; x_wconf 79' lang='grc' dir='ltr'>ι</span> <span class='ocrx_word' id='word_1_38' title='bbox 659 1004 686 1044; x_wconf 91' lang='lat' dir='ltr'><strong>ut</strong></span> <span class='ocrx_word' id='word_1_39' title='bbox 704 996 806 1059; x_wconf 89' lang='lat' dir='ltr'><strong>quidam</strong></span> <span class='ocrx_word' id='word_1_40' title='bbox 823 995 924 1044; x_wconf 86' lang='lat' dir='ltr'><strong>babitus</strong></span> <span class='ocrx_word' id='word_1_41' title='bbox 936 995 1005 1055; x_wconf 92' lang='lat' dir='ltr'><strong>oris,</strong></span> <span class='ocrx_word' id='word_1_42' title='bbox 1019 1002 1070 1045; x_wconf 83' lang='lat' dir='ltr'><strong>etc.</strong></span> <span class='ocrx_word' id='word_1_43' title='bbox 1086 1016 1095 1037; x_wconf 70' lang='grc' dir='ltr'>ι</span> <span class='ocrx_word' id='word_1_44' title='bbox 1109 1002 1135 1046; x_wconf 87' lang='lat' dir='ltr'><strong>et</strong></span> <span class='ocrx_word' id='word_1_45' title='bbox 1147 1008 1176 1044; x_wconf 88' lang='lat' dir='ltr'><strong>ea</strong></span> <span class='ocrx_word' id='word_1_46' title='bbox 1189 1008 1244 1058; x_wconf 88' lang='lat' dir='ltr'><strong>quae</strong></span> <span class='ocrx_word' id='word_1_47' title='bbox 1256 997 1289 1045; x_wconf 91' lang='lat' dir='ltr'><strong>de</strong></span> <span class='ocrx_word' id='word_1_48' title='bbox 1300 996 1331 1045; x_wconf 92' lang='lat' dir='ltr'><strong>iis</strong></span> 
     </span>
     <span class='ocr_line' id='line_1_6' title="bbox 270 1084 1331 1147; baseline 0 -14"><span class='ocrx_word' id='word_1_49' title='bbox 270 1085 403 1144; x_wconf 63' lang='lat' dir='ltr'><strong>dicuntum</strong></span> <span class='ocrx_word' id='word_1_50' title='bbox 424 1106 433 1125; x_wconf 75' lang='grc' dir='ltr'>ι</span> <span class='ocrx_word' id='word_1_51' title='bbox 449 1084 579 1147; x_wconf 91' lang='lat' dir='ltr'><strong>inquibus</strong></span> <span class='ocrx_word' id='word_1_52' title='bbox 595 1091 655 1133; x_wconf 89' lang='lat' dir='ltr'><strong>sunt</strong></span> <span class='ocrx_word' id='word_1_53' title='bbox 674 1092 700 1133; x_wconf 93' lang='lat' dir='ltr'><strong>et</strong></span> <span class='ocrx_word' id='word_1_54' title='bbox 720 1084 888 1146; x_wconf 80' lang='lat' dir='ltr'><strong>praeponenda</strong></span> <span class='ocrx_word' id='word_1_55' title='bbox 901 1084 1014 1146; x_wconf 74' lang='lat' dir='ltr'><strong>quaedam</strong></span> <span class='ocrx_word' id='word_1_56' title='bbox 1026 1091 1052 1133; x_wconf 93' lang='lat' dir='ltr'><strong>et</strong></span> <span class='ocrx_word' id='word_1_57' title='bbox 1072 1084 1208 1133; x_wconf 89' lang='lat' dir='ltr'><strong>reiicienda</strong></span> <span class='ocrx_word' id='word_1_58' title='bbox 1223 1104 1244 1143; x_wconf 73' lang='grc' dir='ltr'><strong>ι,</strong></span> <span class='ocrx_word' id='word_1_59' title='bbox 1258 1084 1331 1133; x_wconf 88' lang='lat' dir='ltr'><strong>unice</strong></span> 
     </span>
     <span class='ocr_line' id='line_1_7' title="bbox 271 1172 1333 1236; baseline 0.001 -15"><span class='ocrx_word' id='word_1_60' title='bbox 271 1172 415 1222; x_wconf 78' lang='lat' dir='ltr'><strong>referuntur</strong></span> <span class='ocrx_word' id='word_1_61' title='bbox 426 1174 457 1223; x_wconf 86' lang='lat' dir='ltr'><strong>ad</strong></span> <span class='ocrx_word' id='word_1_62' title='bbox 477 1186 506 1222; x_wconf 84' lang='lat' dir='ltr'><strong>ea</strong></span> <span class='ocrx_word' id='word_1_63' title='bbox 518 1186 574 1236; x_wconf 83' lang='lat' dir='ltr'><strong>quae</strong></span> <span class='ocrx_word' id='word_1_64' title='bbox 584 1179 644 1221; x_wconf 85' lang='lat' dir='ltr'><strong>sunt</strong></span> <span class='ocrx_word' id='word_1_65' title='bbox 657 1194 666 1214; x_wconf 80' lang='grc' dir='ltr'>ι</span> <span class='ocrx_word' id='word_1_66' title='bbox 682 1186 727 1233; x_wconf 94' lang='lat' dir='ltr'><strong>per</strong></span> <span class='ocrx_word' id='word_1_67' title='bbox 737 1185 766 1221; x_wconf 90' lang='lat' dir='ltr'><strong>se</strong></span> <span class='ocrx_word' id='word_1_68' title='bbox 778 1172 831 1234; x_wconf 91' lang='lat' dir='ltr'><strong>ipsa</strong></span> <span class='ocrx_word' id='word_1_69' title='bbox 846 1172 978 1235; x_wconf 86' lang='lat' dir='ltr'><strong>praeposita</strong></span> <span class='ocrx_word' id='word_1_70' title='bbox 991 1189 1012 1231; x_wconf 68' lang='grc' dir='ltr'><strong>»ς</strong></span> <span class='ocrx_word' id='word_1_71' title='bbox 1032 1174 1136 1222; x_wconf 84' lang='lat' dir='ltr'><strong>omnino</strong></span> <span class='ocrx_word' id='word_1_72' title='bbox 1156 1174 1233 1236; x_wconf 83' lang='lat' dir='ltr'><strong>igitur</strong></span> <span class='ocrx_word' id='word_1_73' title='bbox 1249 1173 1333 1223; x_wconf 90' lang='lat' dir='ltr'><strong>abun-</strong></span> 
     </span>
     <span class='ocr_line' id='line_1_8' title="bbox 270 1261 1332 1328; baseline 0.002 -18"><span class='ocrx_word' id='word_1_74' title='bbox 270 1261 332 1311; x_wconf 88' lang='lat' dir='ltr'><strong>dant</strong></span> <span class='ocrx_word' id='word_1_75' title='bbox 343 1271 465 1311; x_wconf 87' lang='lat' dir='ltr'><strong>commata</strong></span> <span class='ocrx_word' id='word_1_76' title='bbox 477 1262 609 1324; x_wconf 85' lang='lat' dir='ltr'><strong>interjecta</strong></span> <span class='ocrx_word' id='word_1_77' title='bbox 623 1278 630 1309; x_wconf 82' lang='lat' dir='ltr'><strong><em>z</em></strong></span> <span class='ocrx_word' id='word_1_78' title='bbox 645 1284 654 1304; x_wconf 78' lang='grc' dir='ltr'>ι</span> <span class='ocrx_word' id='word_1_79' title='bbox 670 1262 760 1325; x_wconf 88' lang='lat' dir='ltr'><strong>partim</strong></span> <span class='ocrx_word' id='word_1_80' title='bbox 772 1262 839 1325; x_wconf 93' lang='lat' dir='ltr'><strong>quod</strong></span> <span class='ocrx_word' id='word_1_81' title='bbox 852 1262 947 1326; x_wconf 89' lang='lat' dir='ltr'><strong>aliquid</strong></span> <span class='ocrx_word' id='word_1_82' title='bbox 959 1262 1080 1322; x_wconf 86' lang='lat' dir='ltr'><strong>efficiunt,</strong></span> <span class='ocrx_word' id='word_1_83' title='bbox 1095 1263 1185 1325; x_wconf 88' lang='lat' dir='ltr'><strong>partim</strong></span> <span class='ocrx_word' id='word_1_84' title='bbox 1198 1272 1332 1328; x_wconf 90' lang='lat' dir='ltr'><strong>utrumque</strong></span> 
     </span>
     <span class='ocr_line' id='line_1_9' title="bbox 270 1331 1406 1414; baseline 0.001 -14"><span class='ocrx_word' id='word_1_85' title='bbox 270 1366 317 1413; x_wconf 84' lang='lat' dir='ltr'><strong>per</strong></span> <span class='ocrx_word' id='word_1_86' title='bbox 334 1366 363 1401; x_wconf 90' lang='lat' dir='ltr'><strong>se</strong></span> <span class='ocrx_word' id='word_1_87' title='bbox 377 1372 398 1411; x_wconf 84' lang='lat'><strong>»,</strong></span> <span class='ocrx_word' id='word_1_88' title='bbox 417 1366 525 1414; x_wconf 89' lang='lat' dir='ltr'><strong>quorum</strong></span> <span class='ocrx_word' id='word_1_89' title='bbox 544 1364 634 1402; x_wconf 92' lang='lat' dir='ltr'><strong>seusus</strong></span> <span class='ocrx_word' id='word_1_90' title='bbox 653 1351 775 1413; x_wconf 82' lang='lat' dir='ltr'><strong>deinceps</strong></span> <span class='ocrx_word' id='word_1_91' title='bbox 794 1358 996 1400; x_wconf 89' lang='lat' dir='ltr'><strong>enarraturcum</strong></span> <span class='ocrx_word' id='word_1_92' title='bbox 1013 1352 1137 1413; x_wconf 84' lang='lat' dir='ltr'><strong>exemplis</strong></span> <span class='ocrx_word' id='word_1_93' title='bbox 1157 1352 1266 1402; x_wconf 82' lang='lat' dir='ltr'><strong>idoneis.</strong></span> <span class='ocrx_word' id='word_1_94' title='bbox 1287 1351 1332 1401; x_wconf 86' lang='lat' dir='ltr'><strong>Hic</strong></span> <span class='ocrx_word' id='word_1_95' title='bbox 1403 1331 1406 1339; x_wconf 35' lang='lat'><em>¹</em></span> 
     </span>
     <span class='ocr_line' id='line_1_10' title="bbox 271 1440 1333 1504; baseline -0.001 -15"><span class='ocrx_word' id='word_1_96' title='bbox 271 1455 365 1491; x_wconf 87' lang='lat' dir='ltr'><strong>norunt</strong></span> <span class='ocrx_word' id='word_1_97' title='bbox 383 1440 506 1490; x_wconf 84' lang='lat' dir='ltr'><strong>babemus</strong></span> <span class='ocrx_word' id='word_1_98' title='bbox 524 1442 631 1503; x_wconf 74' lang='lat' dir='ltr'><strong>geminae</strong></span> <span class='ocrx_word' id='word_1_99' title='bbox 649 1440 835 1489; x_wconf 88' lang='lat' dir='ltr'><strong>enunciatinnis</strong></span> <span class='ocrx_word' id='word_1_100' title='bbox 850 1440 983 1503; x_wconf 86' lang='lat' dir='ltr'><strong>vestigium</strong></span> <span class='ocrx_word' id='word_1_101' title='bbox 997 1453 1010 1488; x_wconf 93' lang='lat' dir='ltr'><strong>a</strong></span> <span class='ocrx_word' id='word_1_102' title='bbox 1024 1441 1134 1489; x_wconf 86' lang='lat' dir='ltr'><strong>librariis</strong></span> <span class='ocrx_word' id='word_1_103' title='bbox 1152 1442 1294 1504; x_wconf 89' lang='lat' dir='ltr'><strong>neglectum</strong></span> <span class='ocrx_word' id='word_1_104' title='bbox 1307 1447 1333 1489; x_wconf 89' lang='lat' dir='ltr'><strong>et</strong></span> 
     </span>
     <span class='ocr_line' id='line_1_11' title="bbox 271 1529 1332 1592; baseline 0 -15"><span class='ocrx_word' id='word_1_105' title='bbox 271 1536 426 1592; x_wconf 69' lang='lat' dir='ltr'><strong>prepostero</strong></span> <span class='ocrx_word' id='word_1_106' title='bbox 443 1530 469 1578; x_wconf 91' lang='lat' dir='ltr'><strong>in</strong></span> <span class='ocrx_word' id='word_1_107' title='bbox 483 1536 553 1579; x_wconf 85' lang='lat' dir='ltr'><strong>textu</strong></span> <span class='ocrx_word' id='word_1_108' title='bbox 565 1536 702 1578; x_wconf 88' lang='lat' dir='ltr'><strong>serratum.</strong></span> <span class='ocrx_word' id='word_1_109' title='bbox 715 1555 744 1564; x_wconf 88' lang='lat'><em>-</em></span> <span class='ocrx_word' id='word_1_110' title='bbox 764 1529 827 1590; x_wconf 68' lang='lat'><strong>558.</strong></span> <span class='ocrx_word' id='word_1_111' title='bbox 839 1529 899 1578; x_wconf 87' lang='lat' dir='ltr'><strong>&#39;iam</strong></span> <span class='ocrx_word' id='word_1_112' title='bbox 912 1529 989 1577; x_wconf 88' lang='lat' dir='ltr'><strong>multa</strong></span> <span class='ocrx_word' id='word_1_113' title='bbox 1003 1529 1148 1591; x_wconf 75' lang='lat' dir='ltr'><strong>perturbata</strong></span> <span class='ocrx_word' id='word_1_114' title='bbox 1161 1537 1187 1580; x_wconf 89' lang='lat' dir='ltr'><strong>et</strong></span> <span class='ocrx_word' id='word_1_115' title='bbox 1197 1530 1279 1580; x_wconf 87' lang='lat' dir='ltr'><strong>aliena</strong></span> <span class='ocrx_word' id='word_1_116' title='bbox 1294 1530 1332 1580; x_wconf 89' lang='lat' dir='ltr'><strong>rel</strong></span> 
     </span>
     <span class='ocr_line' id='line_1_12' title="bbox 271 1618 1330 1683; baseline 0.004 -17"><span class='ocrx_word' id='word_1_117' title='bbox 271 1618 356 1678; x_wconf 85' lang='lat' dir='ltr'><strong>potius</strong></span> <span class='ocrx_word' id='word_1_118' title='bbox 372 1631 526 1679; x_wconf 84' lang='lat' dir='ltr'><strong>supervacua</strong></span> <span class='ocrx_word' id='word_1_119' title='bbox 543 1625 601 1667; x_wconf 90' lang='lat' dir='ltr'><strong>suut</strong></span> <span class='ocrx_word' id='word_1_120' title='bbox 619 1618 644 1666; x_wconf 91' lang='lat' dir='ltr'><strong>in</strong></span> <span class='ocrx_word' id='word_1_121' title='bbox 663 1618 710 1666; x_wconf 89' lang='lat' dir='ltr'><strong>bae</strong></span> <span class='ocrx_word' id='word_1_122' title='bbox 722 1619 749 1679; x_wconf 70' lang='lat'><strong>5,</strong></span> <span class='ocrx_word' id='word_1_123' title='bbox 768 1625 796 1667; x_wconf 90' lang='lat' dir='ltr'><strong>ut</strong></span> <span class='ocrx_word' id='word_1_124' title='bbox 808 1619 848 1667; x_wconf 83' lang='lat' dir='ltr'><strong>rit</strong></span> <span class='ocrx_word' id='word_1_125' title='bbox 861 1619 988 1680; x_wconf 90' lang='lat' dir='ltr'><strong>interpres</strong></span> <span class='ocrx_word' id='word_1_126' title='bbox 1008 1621 1166 1683; x_wconf 78' lang='lat' dir='ltr'><strong>perspicuam</strong></span> <span class='ocrx_word' id='word_1_127' title='bbox 1178 1634 1224 1670; x_wconf 87' lang='lat' dir='ltr'><strong>seu</strong></span> <span class='ocrx_word' id='word_1_128' title='bbox 1239 1621 1330 1670; x_wconf 91' lang='lat' dir='ltr'><strong>rationi</strong></span> 
     </span>
     <span class='ocr_line' id='line_1_13' title="bbox 271 1694 1333 1775; baseline 0.003 -18"><span class='ocrx_word' id='word_1_129' title='bbox 271 1717 467 1758; x_wconf 73' lang='lat' dir='ltr'><strong>consentaneam</strong></span> <span class='ocrx_word' id='word_1_130' title='bbox 484 1711 637 1759; x_wconf 87' lang='lat' dir='ltr'><strong>senteutiam</strong></span> <span class='ocrx_word' id='word_1_131' title='bbox 655 1709 714 1759; x_wconf 90' lang='lat' dir='ltr'><strong>inde</strong></span> <span class='ocrx_word' id='word_1_132' title='bbox 730 1699 874 1770; x_wconf 78' lang='lat' dir='ltr'><strong>exprimere</strong></span> <span class='ocrx_word' id='word_1_133' title='bbox 894 1694 987 1772; x_wconf 88' lang='lat' dir='ltr'><strong>possit;</strong></span> <span class='ocrx_word' id='word_1_134' title='bbox 1005 1711 1074 1775; x_wconf 89' lang='lat' dir='ltr'><strong>atqui</strong></span> <span class='ocrx_word' id='word_1_135' title='bbox 1092 1711 1145 1761; x_wconf 85' lang='lat' dir='ltr'><strong>iere</strong></span> <span class='ocrx_word' id='word_1_136' title='bbox 1164 1711 1247 1761; x_wconf 91' lang='lat' dir='ltr'><strong>nullus</strong></span> <span class='ocrx_word' id='word_1_137' title='bbox 1266 1713 1333 1762; x_wconf 92' lang='lat' dir='ltr'><strong>inter</strong></span> 
     </span>
     <span class='ocr_line' id='line_1_14' title="bbox 246 1798 1334 1863; baseline 0.004 -16"><span class='ocrx_word' id='word_1_138' title='bbox 246 1811 249 1816; x_wconf 93' lang='grc'><strong><em>·</em></strong></span> <span class='ocrx_word' id='word_1_139' title='bbox 271 1799 375 1848; x_wconf 82' lang='lat' dir='ltr'><strong>criticos</strong></span> <span class='ocrx_word' id='word_1_140' title='bbox 392 1798 515 1847; x_wconf 89' lang='lat' dir='ltr'><strong>haetenus</strong></span> <span class='ocrx_word' id='word_1_141' title='bbox 530 1799 654 1848; x_wconf 86' lang='lat' dir='ltr'><strong>medicam</strong></span> <span class='ocrx_word' id='word_1_142' title='bbox 674 1812 775 1848; x_wconf 90' lang='lat' dir='ltr'><strong>manum</strong></span> <span class='ocrx_word' id='word_1_143' title='bbox 794 1799 916 1849; x_wconf 89' lang='lat' dir='ltr'><strong>adbibere</strong></span> <span class='ocrx_word' id='word_1_144' title='bbox 932 1813 1009 1849; x_wconf 90' lang='lat' dir='ltr'><strong>ausus</strong></span> <span class='ocrx_word' id='word_1_145' title='bbox 1021 1808 1085 1858; x_wconf 88' lang='lat' dir='ltr'><strong>erat,</strong></span> <span class='ocrx_word' id='word_1_146' title='bbox 1099 1807 1190 1863; x_wconf 85' lang='lat' dir='ltr'><strong>praeler</strong></span> <span class='ocrx_word' id='word_1_147' title='bbox 1203 1801 1244 1850; x_wconf 76' lang='lat' dir='ltr'><strong>Fr.</strong></span> <span class='ocrx_word' id='word_1_148' title='bbox 1257 1802 1334 1851; x_wconf 81' lang='lat' dir='ltr'><strong>iaco·</strong></span> 
     </span>
     <span class='ocr_line' id='line_1_15' title="bbox 272 1888 1335 1955; baseline 0.004 -19"><span class='ocrx_word' id='word_1_149' title='bbox 272 1888 332 1937; x_wconf 91' lang='lat' dir='ltr'><strong>bum</strong></span> <span class='ocrx_word' id='word_1_150' title='bbox 342 1925 349 1946; x_wconf 91' lang='lat'><strong>,</strong></span> <span class='ocrx_word' id='word_1_151' title='bbox 361 1889 419 1951; x_wconf 91' lang='lat' dir='ltr'><strong>qui,</strong></span> <span class='ocrx_word' id='word_1_152' title='bbox 438 1888 536 1938; x_wconf 86' lang='lat' dir='ltr'><strong>Baitero</strong></span> <span class='ocrx_word' id='word_1_153' title='bbox 556 1896 638 1950; x_wconf 88' lang='lat' dir='ltr'><strong>teste,</strong></span> <span class='ocrx_word' id='word_1_154' title='bbox 652 1890 749 1939; x_wconf 81' lang='lat' dir='ltr'><strong>rerba:</strong></span> <span class='ocrx_word' id='word_1_155' title='bbox 771 1889 965 1953; x_wconf 83' lang='lat' dir='ltr'><strong>«quoniamque</strong></span> <span class='ocrx_word' id='word_1_156' title='bbox 985 1891 1010 1939; x_wconf 92' lang='lat' dir='ltr'><strong>in</strong></span> <span class='ocrx_word' id='word_1_157' title='bbox 1029 1892 1060 1940; x_wconf 91' lang='lat' dir='ltr'><strong>iis</strong></span> <span class='ocrx_word' id='word_1_158' title='bbox 1080 1892 1197 1940; x_wconf 82' lang='lat' dir='ltr'><strong>rebus...</strong></span> <span class='ocrx_word' id='word_1_159' title='bbox 1210 1906 1287 1955; x_wconf 86' lang='lat' dir='ltr'><strong>ttrqtte</strong></span> <span class='ocrx_word' id='word_1_160' title='bbox 1303 1892 1335 1940; x_wconf 86' lang='lat' dir='ltr'><strong>nd</strong></span> 
     </span>
     <span class='ocr_line' id='line_1_16' title="bbox 272 1978 1332 2044; baseline 0.005 -20"><span class='ocrx_word' id='word_1_161' title='bbox 272 1978 346 2037; x_wconf 79' lang='lat' dir='ltr'><strong>finem</strong></span> <span class='ocrx_word' id='word_1_162' title='bbox 358 1979 399 2039; x_wconf 67' lang='lat' dir='ltr'><strong>ir,</strong></span> <span class='ocrx_word' id='word_1_163' title='bbox 420 1991 466 2027; x_wconf 90' lang='lat' dir='ltr'><strong>nec</strong></span> <span class='ocrx_word' id='word_1_164' title='bbox 489 1978 514 2026; x_wconf 90' lang='lat' dir='ltr'><strong>in</strong></span> <span class='ocrx_word' id='word_1_165' title='bbox 533 1978 667 2028; x_wconf 82' lang='lat' dir='ltr'><strong>contrariis</strong></span> <span class='ocrx_word' id='word_1_166' title='bbox 681 1999 702 2039; x_wconf 70' lang='grc' dir='ltr'><strong>ι,</strong></span> <span class='ocrx_word' id='word_1_167' title='bbox 722 1979 754 2027; x_wconf 90' lang='lat' dir='ltr'><strong>ab</strong></span> <span class='ocrx_word' id='word_1_168' title='bbox 773 1979 955 2041; x_wconf 87' lang='lat' dir='ltr'><strong>interpolatore</strong></span> <span class='ocrx_word' id='word_1_169' title='bbox 973 1979 1037 2030; x_wconf 87' lang='lat' dir='ltr'><strong>male</strong></span> <span class='ocrx_word' id='word_1_170' title='bbox 1057 1980 1211 2044; x_wconf 84' lang='lat' dir='ltr'><strong>agglutinata</strong></span> <span class='ocrx_word' id='word_1_171' title='bbox 1236 1988 1332 2030; x_wconf 89' lang='lat' dir='ltr'><strong>censet.</strong></span> 
     </span>
     <span class='ocr_line' id='line_1_17' title="bbox 273 2066 1334 2134; baseline 0.004 -20"><span class='ocrx_word' id='word_1_172' title='bbox 273 2066 407 2129; x_wconf 85' lang='lat' dir='ltr'><strong>Equidem,</strong></span> <span class='ocrx_word' id='word_1_173' title='bbox 421 2081 449 2115; x_wconf 90' lang='lat' dir='ltr'><strong>re</strong></span> <span class='ocrx_word' id='word_1_174' title='bbox 461 2068 554 2129; x_wconf 71' lang='lat' dir='ltr'><strong>saeptius</strong></span> <span class='ocrx_word' id='word_1_175' title='bbox 566 2081 699 2129; x_wconf 88' lang='lat' dir='ltr'><strong>perpensa,</strong></span> <span class='ocrx_word' id='word_1_176' title='bbox 712 2069 817 2131; x_wconf 80' lang='lat' dir='ltr'><strong>agnovi,</strong></span> <span class='ocrx_word' id='word_1_177' title='bbox 830 2070 855 2116; x_wconf 90' lang='lat' dir='ltr'><strong>ni</strong></span> <span class='ocrx_word' id='word_1_178' title='bbox 867 2067 949 2130; x_wconf 79' lang='lat' dir='ltr'><strong>fallor,</strong></span> <span class='ocrx_word' id='word_1_179' title='bbox 962 2069 1161 2131; x_wconf 87' lang='lat' dir='ltr'><strong>conclusionem,</strong></span> <span class='ocrx_word' id='word_1_180' title='bbox 1179 2077 1334 2134; x_wconf 79' lang='lat' dir='ltr'><strong>praepostero</strong></span> 
     </span>
     <span class='ocr_line' id='line_1_18' title="bbox 273 2154 1333 2221; baseline 0.004 -18"><span class='ocrx_word' id='word_1_181' title='bbox 273 2167 334 2203; x_wconf 86' lang='lat' dir='ltr'><strong>casu</strong></span> <span class='ocrx_word' id='word_1_182' title='bbox 346 2154 418 2204; x_wconf 86' lang='lat' dir='ltr'><strong>initio</strong></span> <span class='ocrx_word' id='word_1_183' title='bbox 429 2156 456 2217; x_wconf 77' lang='lat' dir='ltr'><strong>§i</strong></span> <span class='ocrx_word' id='word_1_184' title='bbox 468 2155 613 2205; x_wconf 85' lang='lat' dir='ltr'><strong>collocatam</strong></span> <span class='ocrx_word' id='word_1_185' title='bbox 626 2155 719 2216; x_wconf 80' lang='lat' dir='ltr'><strong>fuisse3</strong></span> <span class='ocrx_word' id='word_1_186' title='bbox 733 2158 840 2218; x_wconf 90' lang='lat' dir='ltr'><strong>primum</strong></span> <span class='ocrx_word' id='word_1_187' title='bbox 852 2166 936 2208; x_wconf 89' lang='lat' dir='ltr'><strong>autem</strong></span> <span class='ocrx_word' id='word_1_188' title='bbox 954 2159 1180 2221; x_wconf 84' lang='lat' dir='ltr'><strong>argumentationis</strong></span> <span class='ocrx_word' id='word_1_189' title='bbox 1192 2159 1333 2209; x_wconf 88' lang='lat' dir='ltr'><strong>membrum</strong></span> 
     </span>
     <span class='ocr_line' id='line_1_19' title="bbox 274 2243 1334 2307; baseline 0.005 -14"><span class='ocrx_word' id='word_1_190' title='bbox 274 2257 324 2293; x_wconf 92' lang='lat' dir='ltr'><strong>non</strong></span> <span class='ocrx_word' id='word_1_191' title='bbox 336 2244 423 2306; x_wconf 89' lang='lat' dir='ltr'><strong>procul</strong></span> <span class='ocrx_word' id='word_1_192' title='bbox 435 2243 467 2293; x_wconf 89' lang='lat' dir='ltr'><strong>ab</strong></span> <span class='ocrx_word' id='word_1_193' title='bbox 480 2244 529 2294; x_wconf 86' lang='lat' dir='ltr'><strong>bne</strong></span> <span class='ocrx_word' id='word_1_194' title='bbox 542 2246 709 2307; x_wconf 84' lang='lat' dir='ltr'><strong>perscriptum</strong></span> <span class='ocrx_word' id='word_1_195' title='bbox 722 2248 817 2306; x_wconf 89' lang='lat' dir='ltr'><strong>l&#39;uisse;</strong></span> <span class='ocrx_word' id='word_1_196' title='bbox 830 2247 967 2296; x_wconf 83' lang='lat' dir='ltr'><strong>clausulam</strong></span> <span class='ocrx_word' id='word_1_197' title='bbox 982 2262 1041 2297; x_wconf 87' lang='lat' dir='ltr'><strong>vero</strong></span> <span class='ocrx_word' id='word_1_198' title='bbox 1052 2248 1085 2297; x_wconf 90' lang='lat' dir='ltr'><strong>ab</strong></span> <span class='ocrx_word' id='word_1_199' title='bbox 1099 2248 1182 2298; x_wconf 88' lang='lat' dir='ltr'><strong>verbis</strong></span> <span class='ocrx_word' id='word_1_200' title='bbox 1196 2265 1202 2296; x_wconf 76' lang='grc' dir='ltr'>ι</span> <span class='ocrx_word' id='word_1_201' title='bbox 1217 2270 1226 2291; x_wconf 82' lang='grc' dir='ltr'>ι</span> <span class='ocrx_word' id='word_1_202' title='bbox 1241 2257 1281 2298; x_wconf 91' lang='lat' dir='ltr'><strong>est</strong></span> <span class='ocrx_word' id='word_1_203' title='bbox 1292 2261 1334 2298; x_wconf 84' lang='lat' dir='ltr'><strong>au-</strong></span> 
     </span>
     <span class='ocr_line' id='line_1_20' title="bbox 277 2335 1335 2399; baseline 0.002 -15"><span class='ocrx_word' id='word_1_204' title='bbox 277 2341 327 2384; x_wconf 88' lang='lat' dir='ltr'><strong>tern</strong></span> <span class='ocrx_word' id='word_1_205' title='bbox 338 2336 393 2384; x_wconf 91' lang='lat' dir='ltr'><strong>eius</strong></span> <span class='ocrx_word' id='word_1_206' title='bbox 404 2335 524 2397; x_wconf 84' lang='lat' dir='ltr'><strong>generis,</strong></span> <span class='ocrx_word' id='word_1_207' title='bbox 537 2341 588 2384; x_wconf 89' lang='lat' dir='ltr'><strong>etc.</strong></span> <span class='ocrx_word' id='word_1_208' title='bbox 601 2355 611 2375; x_wconf 84' lang='lat'><strong>»</strong></span> <span class='ocrx_word' id='word_1_209' title='bbox 625 2336 663 2384; x_wconf 88' lang='lat' dir='ltr'><strong>rel</strong></span> <span class='ocrx_word' id='word_1_210' title='bbox 676 2336 819 2385; x_wconf 81' lang='lat' dir='ltr'><strong>adnotaturi</strong></span> <span class='ocrx_word' id='word_1_211' title='bbox 830 2337 947 2397; x_wconf 86' lang='lat' dir='ltr'><strong>cuidam,</strong></span> <span class='ocrx_word' id='word_1_212' title='bbox 961 2337 999 2386; x_wconf 86' lang='lat' dir='ltr'><strong>rel</strong></span> <span class='ocrx_word' id='word_1_213' title='bbox 1017 2338 1100 2399; x_wconf 91' lang='lat' dir='ltr'><strong>potius</strong></span> <span class='ocrx_word' id='word_1_214' title='bbox 1118 2338 1167 2399; x_wconf 90' lang='lat' dir='ltr'><strong>ipsi</strong></span> <span class='ocrx_word' id='word_1_215' title='bbox 1179 2338 1276 2387; x_wconf 87' lang='lat' dir='ltr'><strong>auctori</strong></span> <span class='ocrx_word' id='word_1_216' title='bbox 1290 2338 1335 2387; x_wconf 87' lang='lat' dir='ltr'><strong>tri-</strong></span> 
     </span>
     <span class='ocr_line' id='line_1_21' title="bbox 276 2422 1333 2489; baseline 0.005 -18"><span class='ocrx_word' id='word_1_217' title='bbox 276 2422 410 2482; x_wconf 87' lang='lat' dir='ltr'><strong>buendam,</strong></span> <span class='ocrx_word' id='word_1_218' title='bbox 423 2423 466 2486; x_wconf 91' lang='lat' dir='ltr'><strong>qui</strong></span> <span class='ocrx_word' id='word_1_219' title='bbox 479 2423 531 2473; x_wconf 83' lang='lat' dir='ltr'><strong>baec</strong></span> <span class='ocrx_word' id='word_1_220' title='bbox 545 2424 613 2486; x_wconf 91' lang='lat' dir='ltr'><strong>prius</strong></span> <span class='ocrx_word' id='word_1_221' title='bbox 625 2424 1053 2487; x_wconf 86' lang='lat' dir='ltr'><strong>scripseratetdeinoepsmutarit;</strong></span> <span class='ocrx_word' id='word_1_222' title='bbox 1066 2426 1150 2489; x_wconf 84' lang='lat' dir='ltr'><strong>itaque</strong></span> <span class='ocrx_word' id='word_1_223' title='bbox 1163 2434 1243 2476; x_wconf 92' lang='lat' dir='ltr'><strong>totum</strong></span> <span class='ocrx_word' id='word_1_224' title='bbox 1252 2427 1333 2477; x_wconf 89' lang='lat' dir='ltr'><strong>locum</strong></span> 
     </span>
     <span class='ocr_line' id='line_1_22' title="bbox 274 2513 1334 2578; baseline 0.004 -16"><span class='ocrx_word' id='word_1_225' title='bbox 274 2514 311 2563; x_wconf 88' lang='lat' dir='ltr'><strong>sie</strong></span> <span class='ocrx_word' id='word_1_226' title='bbox 329 2514 479 2563; x_wconf 86' lang='lat' dir='ltr'><strong>restituam:</strong></span> <span class='ocrx_word' id='word_1_227' title='bbox 495 2513 691 2577; x_wconf 82' lang='lat' dir='ltr'><strong>«Quoniamque</strong></span> <span class='ocrx_word' id='word_1_228' title='bbox 709 2514 734 2563; x_wconf 91' lang='lat' dir='ltr'><strong>in</strong></span> <span class='ocrx_word' id='word_1_229' title='bbox 754 2514 786 2563; x_wconf 88' lang='lat' dir='ltr'><strong>iis</strong></span> <span class='ocrx_word' id='word_1_230' title='bbox 805 2515 895 2575; x_wconf 86' lang='lat' dir='ltr'><strong>rebus,</strong></span> <span class='ocrx_word' id='word_1_231' title='bbox 913 2528 969 2577; x_wconf 79' lang='lat' dir='ltr'><strong>quae</strong></span> <span class='ocrx_word' id='word_1_232' title='bbox 987 2528 1069 2578; x_wconf 87' lang='lat' dir='ltr'><strong>neque</strong></span> <span class='ocrx_word' id='word_1_233' title='bbox 1082 2516 1107 2563; x_wconf 94' lang='lat' dir='ltr'><strong>in</strong></span> <span class='ocrx_word' id='word_1_234' title='bbox 1122 2515 1257 2565; x_wconf 87' lang='lat' dir='ltr'><strong>virtutibus</strong></span> <span class='ocrx_word' id='word_1_235' title='bbox 1275 2524 1334 2567; x_wconf 90' lang='lat' dir='ltr'><strong>sunt</strong></span> 
     </span>
     <span class='ocr_line' id='line_1_23' title="bbox 275 2604 1333 2667; baseline 0.001 -14"><span class='ocrx_word' id='word_1_236' title='bbox 275 2617 356 2667; x_wconf 87' lang='lat' dir='ltr'><strong>neque</strong></span> <span class='ocrx_word' id='word_1_237' title='bbox 369 2604 393 2653; x_wconf 95' lang='lat' dir='ltr'><strong>in</strong></span> <span class='ocrx_word' id='word_1_238' title='bbox 407 2604 484 2660; x_wconf 86' lang='lat' dir='ltr'><strong>vitiis,</strong></span> <span class='ocrx_word' id='word_1_239' title='bbox 496 2612 536 2653; x_wconf 88' lang='lat' dir='ltr'><strong>est</strong></span> <span class='ocrx_word' id='word_1_240' title='bbox 549 2612 631 2654; x_wconf 83' lang='lat' dir='ltr'><strong>tamen</strong></span> <span class='ocrx_word' id='word_1_241' title='bbox 643 2604 773 2666; x_wconf 86' lang='lat' dir='ltr'><strong>quiddam,</strong></span> <span class='ocrx_word' id='word_1_242' title='bbox 781 2605 850 2667; x_wconf 92' lang='lat' dir='ltr'><strong>quod</strong></span> <span class='ocrx_word' id='word_1_243' title='bbox 862 2605 917 2655; x_wconf 92' lang='lat' dir='ltr'><strong>usui</strong></span> <span class='ocrx_word' id='word_1_244' title='bbox 931 2604 1010 2667; x_wconf 88' lang='lat' dir='ltr'><strong>possit</strong></span> <span class='ocrx_word' id='word_1_245' title='bbox 1021 2618 1089 2662; x_wconf 89' lang='lat' dir='ltr'><strong>esse,</strong></span> <span class='ocrx_word' id='word_1_246' title='bbox 1099 2604 1235 2655; x_wconf 89' lang='lat' dir='ltr'><strong>tollendum</strong></span> <span class='ocrx_word' id='word_1_247' title='bbox 1249 2606 1273 2655; x_wconf 93' lang='lat' dir='ltr'><strong>id</strong></span> <span class='ocrx_word' id='word_1_248' title='bbox 1285 2619 1333 2655; x_wconf 88' lang='lat' dir='ltr'><strong>rron</strong></span> 
     </span>
     <span class='ocr_line' id='line_1_24' title="bbox 273 2693 1334 2757; baseline 0.002 -15"><span class='ocrx_word' id='word_1_249' title='bbox 273 2702 323 2743; x_wconf 84' lang='lat' dir='ltr'><strong>est.</strong></span> <span class='ocrx_word' id='word_1_250' title='bbox 342 2693 389 2742; x_wconf 83' lang='lat' dir='ltr'><strong>Est</strong></span> <span class='ocrx_word' id='word_1_251' title='bbox 403 2693 470 2742; x_wconf 91' lang='lat' dir='ltr'><strong>enim</strong></span> <span class='ocrx_word' id='word_1_252' title='bbox 482 2693 576 2757; x_wconf 89' lang='lat' dir='ltr'><strong>aliquid</strong></span> <span class='ocrx_word' id='word_1_253' title='bbox 589 2694 614 2741; x_wconf 91' lang='lat' dir='ltr'><strong>in</strong></span> <span class='ocrx_word' id='word_1_254' title='bbox 627 2693 667 2742; x_wconf 87' lang='lat' dir='ltr'><strong>bis</strong></span> <span class='ocrx_word' id='word_1_255' title='bbox 683 2694 760 2743; x_wconf 88' lang='lat' dir='ltr'><strong>rebus</strong></span> <span class='ocrx_word' id='word_1_256' title='bbox 776 2693 922 2755; x_wconf 88' lang='lat' dir='ltr'><strong>probabile,</strong></span> <span class='ocrx_word' id='word_1_257' title='bbox 942 2701 968 2744; x_wconf 89' lang='lat' dir='ltr'><strong>et</strong></span> <span class='ocrx_word' id='word_1_258' title='bbox 984 2695 1086 2757; x_wconf 89' lang='lat' dir='ltr'><strong>quidem</strong></span> <span class='ocrx_word' id='word_1_259' title='bbox 1100 2695 1149 2756; x_wconf 88' lang='lat' dir='ltr'><strong>ita,</strong></span> <span class='ocrx_word' id='word_1_260' title='bbox 1163 2702 1190 2744; x_wconf 90' lang='lat' dir='ltr'><strong>ut</strong></span> <span class='ocrx_word' id='word_1_261' title='bbox 1202 2696 1258 2744; x_wconf 88' lang='lat' dir='ltr'><strong>eius</strong></span> <span class='ocrx_word' id='word_1_262' title='bbox 1270 2694 1334 2744; x_wconf 88' lang='lat' dir='ltr'><strong>ratio</strong></span> 
     </span>
     <span class='ocr_line' id='line_1_25' title="bbox 274 2780 1334 2856; baseline 0.001 -24"><span class='ocrx_word' id='word_1_263' title='bbox 274 2783 348 2833; x_wconf 87' lang='lat' dir='ltr'><strong>reddi</strong></span> <span class='ocrx_word' id='word_1_264' title='bbox 360 2782 448 2845; x_wconf 84' lang='lat' dir='ltr'><strong>possit,</strong></span> <span class='ocrx_word' id='word_1_265' title='bbox 463 2780 535 2847; x_wconf 78' lang='lat' dir='ltr'><strong>[ergo</strong></span> <span class='ocrx_word' id='word_1_266' title='bbox 547 2791 574 2833; x_wconf 92' lang='lat' dir='ltr'><strong>ut</strong></span> <span class='ocrx_word' id='word_1_267' title='bbox 586 2783 662 2832; x_wconf 90' lang='lat' dir='ltr'><strong>etiam</strong></span> <span class='ocrx_word' id='word_1_268' title='bbox 674 2783 840 2845; x_wconf 79' lang='lat' dir='ltr'><strong>probabiliter</strong></span> <span class='ocrx_word' id='word_1_269' title='bbox 851 2784 901 2833; x_wconf 91' lang='lat' dir='ltr'><strong>acti</strong></span> <span class='ocrx_word' id='word_1_270' title='bbox 914 2784 977 2834; x_wconf 87' lang='lat' dir='ltr'><strong>ratio</strong></span> <span class='ocrx_word' id='word_1_271' title='bbox 990 2784 1062 2833; x_wconf 89' lang='lat' dir='ltr'><strong>reddi</strong></span> <span class='ocrx_word' id='word_1_272' title='bbox 1075 2781 1175 2849; x_wconf 74' lang='lat' dir='ltr'><strong>possiti.</strong></span> <span class='ocrx_word' id='word_1_273' title='bbox 1193 2784 1239 2856; x_wconf 84' lang='lat' dir='ltr'><strong>Est</strong></span> <span class='ocrx_word' id='word_1_274' title='bbox 1250 2792 1334 2833; x_wconf 86' lang='lat' dir='ltr'><strong>autem</strong></span> 
     </span>
     <span class='ocr_line' id='line_1_26' title="bbox 274 2871 1333 2935; baseline -0.001 -14"><span class='ocrx_word' id='word_1_275' title='bbox 274 2871 383 2922; x_wconf 84' lang='lat' dir='ltr'><strong>officium</strong></span> <span class='ocrx_word' id='word_1_276' title='bbox 402 2873 469 2935; x_wconf 89' lang='lat' dir='ltr'><strong>qnod</strong></span> <span class='ocrx_word' id='word_1_277' title='bbox 486 2873 520 2921; x_wconf 90' lang='lat' dir='ltr'><strong>ita</strong></span> <span class='ocrx_word' id='word_1_278' title='bbox 539 2871 631 2921; x_wconf 84' lang='lat' dir='ltr'><strong>iactum</strong></span> <span class='ocrx_word' id='word_1_279' title='bbox 651 2880 690 2921; x_wconf 90' lang='lat' dir='ltr'><strong>est</strong></span> <span class='ocrx_word' id='word_1_280' title='bbox 705 2879 733 2920; x_wconf 90' lang='lat' dir='ltr'><strong>ut</strong></span> <span class='ocrx_word' id='word_1_281' title='bbox 744 2872 799 2921; x_wconf 88' lang='lat' dir='ltr'><strong>eius</strong></span> <span class='ocrx_word' id='word_1_282' title='bbox 811 2871 870 2921; x_wconf 87' lang='lat' dir='ltr'><strong>iacti</strong></span> <span class='ocrx_word' id='word_1_283' title='bbox 883 2872 1022 2934; x_wconf 88' lang='lat' dir='ltr'><strong>probabilis</strong></span> <span class='ocrx_word' id='word_1_284' title='bbox 1034 2873 1098 2922; x_wconf 90' lang='lat' dir='ltr'><strong>ratio</strong></span> <span class='ocrx_word' id='word_1_285' title='bbox 1111 2873 1183 2922; x_wconf 92' lang='lat' dir='ltr'><strong>reddi</strong></span> <span class='ocrx_word' id='word_1_286' title='bbox 1196 2872 1291 2935; x_wconf 91' lang='lat' dir='ltr'><strong>possit;</strong></span> <span class='ocrx_word' id='word_1_287' title='bbox 1303 2884 1333 2920; x_wconf 85' lang='lat' dir='ltr'><strong>ex</strong></span> 
     </span>
     <span class='ocr_line' id='line_1_27' title="bbox 274 2959 1335 3025; baseline 0.001 -15"><span class='ocrx_word' id='word_1_288' title='bbox 274 2975 325 3024; x_wconf 92' lang='lat' dir='ltr'><strong>quo</strong></span> <span class='ocrx_word' id='word_1_289' title='bbox 343 2961 491 3024; x_wconf 77' lang='lat' dir='ltr'><strong>intelligitur</strong></span> <span class='ocrx_word' id='word_1_290' title='bbox 503 2960 611 3010; x_wconf 88' lang='lat' dir='ltr'><strong>officium</strong></span> <span class='ocrx_word' id='word_1_291' title='bbox 627 2961 737 3010; x_wconf 90' lang='lat' dir='ltr'><strong>medium</strong></span> <span class='ocrx_word' id='word_1_292' title='bbox 756 2959 875 3023; x_wconf 89' lang='lat' dir='ltr'><strong>quiddam</strong></span> <span class='ocrx_word' id='word_1_293' title='bbox 896 2974 970 3021; x_wconf 89' lang='lat' dir='ltr'><strong>esse,</strong></span> <span class='ocrx_word' id='word_1_294' title='bbox 988 2962 1056 3024; x_wconf 90' lang='lat' dir='ltr'><strong>quod</strong></span> <span class='ocrx_word' id='word_1_295' title='bbox 1069 2974 1150 3025; x_wconf 88' lang='lat' dir='ltr'><strong>neque</strong></span> <span class='ocrx_word' id='word_1_296' title='bbox 1162 2962 1187 3009; x_wconf 92' lang='lat' dir='ltr'><strong>in</strong></span> <span class='ocrx_word' id='word_1_297' title='bbox 1200 2961 1274 3011; x_wconf 92' lang='lat' dir='ltr'><strong>bonis</strong></span> <span class='ocrx_word' id='word_1_298' title='bbox 1287 2975 1335 3023; x_wconf 91' lang='lat' dir='ltr'><strong>po-</strong></span> 
     </span>
     <span class='ocr_line' id='line_1_28' title="bbox 275 3048 1336 3113; baseline 0 -15"><span class='ocrx_word' id='word_1_299' title='bbox 275 3056 443 3113; x_wconf 82' lang='lat' dir='ltr'><strong>naturaeque</strong></span> <span class='ocrx_word' id='word_1_300' title='bbox 456 3050 480 3098; x_wconf 92' lang='lat' dir='ltr'><strong>io</strong></span> <span class='ocrx_word' id='word_1_301' title='bbox 493 3049 636 3100; x_wconf 88' lang='lat' dir='ltr'><strong>contrariis.</strong></span> <span class='ocrx_word' id='word_1_302' title='bbox 656 3048 705 3098; x_wconf 89' lang='lat' dir='ltr'><strong>Sed</strong></span> <span class='ocrx_word' id='word_1_303' title='bbox 724 3062 798 3109; x_wconf 86' lang='lat' dir='ltr'><strong>oum,</strong></span> <span class='ocrx_word' id='word_1_304' title='bbox 817 3049 885 3113; x_wconf 91' lang='lat' dir='ltr'><strong>quod</strong></span> <span class='ocrx_word' id='word_1_305' title='bbox 899 3048 1033 3098; x_wconf 89' lang='lat' dir='ltr'><strong>honesturn</strong></span> <span class='ocrx_word' id='word_1_306' title='bbox 1047 3050 1097 3110; x_wconf 91' lang='lat' dir='ltr'><strong>sit,</strong></span> <span class='ocrx_word' id='word_1_307' title='bbox 1109 3049 1136 3099; x_wconf 92' lang='lat' dir='ltr'><strong>id</strong></span> <span class='ocrx_word' id='word_1_308' title='bbox 1148 3048 1229 3098; x_wconf 91' lang='lat' dir='ltr'><strong>solum</strong></span> <span class='ocrx_word' id='word_1_309' title='bbox 1242 3049 1336 3099; x_wconf 89' lang='lat' dir='ltr'><strong>bonurn</strong></span> 
     </span>
     <span class='ocr_line' id='line_1_29' title="bbox 275 3137 1336 3205; baseline -0.002 -16"><span class='ocrx_word' id='word_1_310' title='bbox 275 3152 333 3189; x_wconf 89' lang='lat' dir='ltr'><strong>esse</strong></span> <span class='ocrx_word' id='word_1_311' title='bbox 345 3140 467 3200; x_wconf 90' lang='lat' dir='ltr'><strong>dicamus,</strong></span> <span class='ocrx_word' id='word_1_312' title='bbox 480 3147 678 3190; x_wconf 86' lang='lat' dir='ltr'><strong>consentaneum</strong></span> <span class='ocrx_word' id='word_1_313' title='bbox 692 3146 774 3205; x_wconf 82' lang='lat' dir='ltr'><strong>tamen</strong></span> <span class='ocrx_word' id='word_1_314' title='bbox 786 3146 826 3189; x_wconf 91' lang='lat' dir='ltr'><strong>est</strong></span> <span class='ocrx_word' id='word_1_315' title='bbox 839 3137 907 3202; x_wconf 84' lang='lat' dir='ltr'><strong>fungi</strong></span> <span class='ocrx_word' id='word_1_316' title='bbox 920 3137 1012 3199; x_wconf 85' lang='lat' dir='ltr'><strong>officio,</strong></span> <span class='ocrx_word' id='word_1_317' title='bbox 1026 3152 1083 3187; x_wconf 91' lang='lat' dir='ltr'><strong>cum</strong></span> <span class='ocrx_word' id='word_1_318' title='bbox 1096 3138 1120 3188; x_wconf 93' lang='lat' dir='ltr'><strong>id</strong></span> <span class='ocrx_word' id='word_1_319' title='bbox 1133 3137 1241 3188; x_wconf 86' lang='lat' dir='ltr'><strong>officium</strong></span> <span class='ocrx_word' id='word_1_320' title='bbox 1254 3151 1302 3187; x_wconf 87' lang='lat' dir='ltr'><strong>nec</strong></span> <span class='ocrx_word' id='word_1_321' title='bbox 1311 3138 1336 3187; x_wconf 88' lang='lat' dir='ltr'><strong>in</strong></span> 
     </span>
     <span class='ocr_line' id='line_1_30' title="bbox 276 3227 697 3291; baseline -0.002 -13"><span class='ocrx_word' id='word_1_322' title='bbox 276 3228 351 3279; x_wconf 92' lang='lat' dir='ltr'><strong>bonis</strong></span> <span class='ocrx_word' id='word_1_323' title='bbox 363 3241 484 3291; x_wconf 89' lang='lat' dir='ltr'><strong>ponamus</strong></span> <span class='ocrx_word' id='word_1_324' title='bbox 496 3242 543 3278; x_wconf 90' lang='lat' dir='ltr'><strong>nec</strong></span> <span class='ocrx_word' id='word_1_325' title='bbox 555 3228 580 3277; x_wconf 90' lang='lat' dir='ltr'><strong>in</strong></span> <span class='ocrx_word' id='word_1_326' title='bbox 592 3227 664 3277; x_wconf 87' lang='lat' dir='ltr'><strong>malis</strong></span> <span class='ocrx_word' id='word_1_327' title='bbox 676 3247 697 3277; x_wconf 84' lang='lat'><strong>·.</strong></span> 
     </span>
    </p>

    <p class='ocr_par' dir='ltr' id='par_1_4' title="bbox 276 3314 1339 4267">
     <span class='ocr_line' id='line_1_31' title="bbox 307 3314 1337 3380; baseline -0.003 -14"><span class='ocrx_word' id='word_1_328' title='bbox 307 3317 398 3375; x_wconf 84' lang='lat' dir='ltr'><strong>xvut,</strong></span> <span class='ocrx_word' id='word_1_329' title='bbox 411 3318 423 3379; x_wconf 83' lang='lat'><strong>§</strong></span> <span class='ocrx_word' id='word_1_330' title='bbox 435 3317 474 3367; x_wconf 81' lang='lat'><strong>59.</strong></span> <span class='ocrx_word' id='word_1_331' title='bbox 492 3317 590 3379; x_wconf 80' lang='lat' dir='ltr'><strong>begere</strong></span> <span class='ocrx_word' id='word_1_332' title='bbox 603 3316 688 3365; x_wconf 90' lang='lat' dir='ltr'><strong>malim</strong></span> <span class='ocrx_word' id='word_1_333' title='bbox 701 3331 708 3363; x_wconf 86' lang='lat' dir='ltr'><strong>r</strong></span> <span class='ocrx_word' id='word_1_334' title='bbox 723 3336 733 3358; x_wconf 73' lang='grc' dir='ltr'>ι</span> <span class='ocrx_word' id='word_1_335' title='bbox 747 3316 918 3380; x_wconf 85' lang='lat' dir='ltr'><strong>quiquoniam</strong></span> <span class='ocrx_word' id='word_1_336' title='bbox 930 3336 940 3357; x_wconf 86' lang='lat'><strong>»</strong></span> <span class='ocrx_word' id='word_1_337' title='bbox 955 3329 999 3378; x_wconf 94' lang='lat' dir='ltr'><strong>pro</strong></span> <span class='ocrx_word' id='word_1_338' title='bbox 1014 3314 1229 3379; x_wconf 72' lang='lat' dir='ltr'><strong>«quodquoniam</strong></span> <span class='ocrx_word' id='word_1_339' title='bbox 1242 3334 1251 3355; x_wconf 73' lang='grc' dir='ltr'>ι</span> <span class='ocrx_word' id='word_1_340' title='bbox 1269 3314 1337 3364; x_wconf 91' lang='lat' dir='ltr'><strong>unde</strong></span> 
     </span>
     <span class='ocr_line' id='line_1_32' title="bbox 276 3403 1337 3469; baseline -0.002 -15"><span class='ocrx_word' id='word_1_341' title='bbox 276 3406 357 3456; x_wconf 89' lang='lat' dir='ltr'><strong>oritur</strong></span> <span class='ocrx_word' id='word_1_342' title='bbox 367 3406 528 3469; x_wconf 88' lang='lat' dir='ltr'><strong>ambiguitas.</strong></span> <span class='ocrx_word' id='word_1_343' title='bbox 545 3434 573 3440; x_wconf 98' lang='lat'><strong>--</strong></span> <span class='ocrx_word' id='word_1_344' title='bbox 595 3405 658 3467; x_wconf 70' lang='lat' dir='ltr'><strong>int.</strong></span> <span class='ocrx_word' id='word_1_345' title='bbox 671 3404 777 3454; x_wconf 87' lang='lat' dir='ltr'><strong>Codices</strong></span> <span class='ocrx_word' id='word_1_346' title='bbox 789 3404 830 3454; x_wconf 79' lang='grc' dir='ltr'><strong>ΑΒ</strong></span> <span class='ocrx_word' id='word_1_347' title='bbox 842 3405 956 3454; x_wconf 88' lang='lat' dir='ltr'><strong>babent:</strong></span> <span class='ocrx_word' id='word_1_348' title='bbox 977 3426 986 3447; x_wconf 84' lang='grc' dir='ltr'>ι</span> <span class='ocrx_word' id='word_1_349' title='bbox 1001 3417 1057 3453; x_wconf 92' lang='lat' dir='ltr'><strong>nam</strong></span> <span class='ocrx_word' id='word_1_350' title='bbox 1071 3417 1153 3468; x_wconf 85' lang='lat' dir='ltr'><strong>neque</strong></span> <span class='ocrx_word' id='word_1_351' title='bbox 1167 3403 1259 3453; x_wconf 87' lang='lat' dir='ltr'><strong>virtute</strong></span> <span class='ocrx_word' id='word_1_352' title='bbox 1274 3403 1337 3452; x_wconf 88' lang='lat' dir='ltr'><strong>reti-</strong></span> 
     </span>
     <span class='ocr_line' id='line_1_33' title="bbox 277 3493 1338 3557; baseline -0.002 -14"><span class='ocrx_word' id='word_1_353' title='bbox 277 3502 350 3545; x_wconf 90' lang='lat' dir='ltr'><strong>netur</strong></span> <span class='ocrx_word' id='word_1_354' title='bbox 361 3497 387 3545; x_wconf 91' lang='lat' dir='ltr'><strong>iu</strong></span> <span class='ocrx_word' id='word_1_355' title='bbox 400 3496 449 3544; x_wconf 87' lang='lat' dir='ltr'><strong>rita</strong></span> <span class='ocrx_word' id='word_1_356' title='bbox 465 3516 486 3557; x_wconf 84' lang='lat'><strong>»‚</strong></span> <span class='ocrx_word' id='word_1_357' title='bbox 506 3495 550 3545; x_wconf 93' lang='lat' dir='ltr'><strong>ubi</strong></span> <span class='ocrx_word' id='word_1_358' title='bbox 567 3495 660 3557; x_wconf 87' lang='lat' dir='ltr'><strong>aliquid</strong></span> <span class='ocrx_word' id='word_1_359' title='bbox 673 3495 765 3544; x_wconf 83' lang='lat' dir='ltr'><strong>deesse</strong></span> <span class='ocrx_word' id='word_1_360' title='bbox 777 3493 938 3544; x_wconf 84' lang='lat' dir='ltr'><strong>manifestum</strong></span> <span class='ocrx_word' id='word_1_361' title='bbox 950 3502 1005 3553; x_wconf 90' lang='lat' dir='ltr'><strong>est;</strong></span> <span class='ocrx_word' id='word_1_362' title='bbox 1020 3493 1115 3543; x_wconf 83' lang='lat' dir='ltr'><strong>lacunae</strong></span> <span class='ocrx_word' id='word_1_363' title='bbox 1127 3494 1227 3557; x_wconf 84' lang='lat' dir='ltr'><strong>signum</strong></span> <span class='ocrx_word' id='word_1_364' title='bbox 1240 3493 1338 3544; x_wconf 88' lang='lat' dir='ltr'><strong>addidit</strong></span> 
     </span>
     <span class='ocr_line' id='line_1_34' title="bbox 278 3581 1337 3648; baseline -0.003 -16"><span class='ocrx_word' id='word_1_365' title='bbox 278 3584 433 3646; x_wconf 81' lang='lat' dir='ltr'><strong>Madvigius,</strong></span> <span class='ocrx_word' id='word_1_366' title='bbox 450 3584 493 3648; x_wconf 92' lang='lat' dir='ltr'><strong>qui</strong></span> <span class='ocrx_word' id='word_1_367' title='bbox 511 3583 658 3633; x_wconf 84' lang='lat' dir='ltr'><strong>Ciceronem</strong></span> <span class='ocrx_word' id='word_1_368' title='bbox 677 3581 811 3645; x_wconf 87' lang='lat' dir='ltr'><strong>scripsisse</strong></span> <span class='ocrx_word' id='word_1_369' title='bbox 831 3582 968 3644; x_wconf 89' lang='lat' dir='ltr'><strong>opinatur:</strong></span> <span class='ocrx_word' id='word_1_370' title='bbox 990 3603 999 3623; x_wconf 84' lang='lat'><strong>«</strong></span> <span class='ocrx_word' id='word_1_371' title='bbox 1022 3595 1104 3644; x_wconf 88' lang='lat' dir='ltr'><strong>neque</strong></span> <span class='ocrx_word' id='word_1_372' title='bbox 1125 3582 1162 3639; x_wconf 89' lang='lat' dir='ltr'><strong>is,</strong></span> <span class='ocrx_word' id='word_1_373' title='bbox 1181 3582 1225 3646; x_wconf 91' lang='lat' dir='ltr'><strong>qui</strong></span> <span class='ocrx_word' id='word_1_374' title='bbox 1244 3582 1337 3630; x_wconf 85' lang='lat' dir='ltr'><strong>virtute</strong></span> 
     </span>
     <span class='ocr_line' id='line_1_35' title="bbox 277 3669 1337 3733; baseline -0.003 -13"><span class='ocrx_word' id='word_1_375' title='bbox 277 3672 378 3732; x_wconf 78' lang='lat' dir='ltr'><strong>fruitur,</strong></span> <span class='ocrx_word' id='word_1_376' title='bbox 394 3672 526 3733; x_wconf 86' lang='lat' dir='ltr'><strong>retinetur,</strong></span> <span class='ocrx_word' id='word_1_377' title='bbox 540 3677 588 3720; x_wconf 89' lang='lat' dir='ltr'><strong>ele.</strong></span> <span class='ocrx_word' id='word_1_378' title='bbox 606 3691 615 3712; x_wconf 71' lang='grc' dir='ltr'>ι</span> <span class='ocrx_word' id='word_1_379' title='bbox 628 3678 671 3719; x_wconf 88' lang='lat' dir='ltr'><strong>aul</strong></span> <span class='ocrx_word' id='word_1_380' title='bbox 683 3671 808 3720; x_wconf 90' lang='lat' dir='ltr'><strong>similibus</strong></span> <span class='ocrx_word' id='word_1_381' title='bbox 820 3671 915 3730; x_wconf 88' lang='lat' dir='ltr'><strong>verbis,</strong></span> <span class='ocrx_word' id='word_1_382' title='bbox 928 3670 973 3721; x_wconf 91' lang='lat' dir='ltr'><strong>sed</strong></span> <span class='ocrx_word' id='word_1_383' title='bbox 986 3670 1033 3720; x_wconf 89' lang='lat' dir='ltr'><strong>bac</strong></span> <span class='ocrx_word' id='word_1_384' title='bbox 1045 3671 1167 3720; x_wconf 91' lang='lat' dir='ltr'><strong>orationis</strong></span> <span class='ocrx_word' id='word_1_385' title='bbox 1179 3669 1257 3720; x_wconf 82' lang='lat' dir='ltr'><strong>forma</strong></span> <span class='ocrx_word' id='word_1_386' title='bbox 1268 3684 1274 3727; x_wconf 86' lang='lat'><em>;</em></span> <span class='ocrx_word' id='word_1_387' title='bbox 1295 3669 1337 3718; x_wconf 89' lang='lat' dir='ltr'><strong>alii</strong></span> 
     </span>
     <span class='ocr_line' id='line_1_36' title="bbox 277 3758 1338 3823; baseline -0.002 -14"><span class='ocrx_word' id='word_1_388' title='bbox 277 3761 324 3809; x_wconf 91' lang='lat' dir='ltr'><strong>alia</strong></span> <span class='ocrx_word' id='word_1_389' title='bbox 337 3761 514 3823; x_wconf 84' lang='lat' dir='ltr'><strong>conjecerant;</strong></span> <span class='ocrx_word' id='word_1_390' title='bbox 534 3760 650 3823; x_wconf 89' lang='lat' dir='ltr'><strong>equidem</strong></span> <span class='ocrx_word' id='word_1_391' title='bbox 664 3760 701 3808; x_wconf 87' lang='lat' dir='ltr'><strong>sic</strong></span> <span class='ocrx_word' id='word_1_392' title='bbox 713 3760 793 3822; x_wconf 86' lang='lat' dir='ltr'><strong>legam</strong></span> <span class='ocrx_word' id='word_1_393' title='bbox 809 3776 815 3807; x_wconf 91' lang='lat'>:</span> <span class='ocrx_word' id='word_1_394' title='bbox 830 3781 840 3803; x_wconf 75' lang='grc' dir='ltr'>ι</span> <span class='ocrx_word' id='word_1_395' title='bbox 855 3760 915 3809; x_wconf 88' lang='lat' dir='ltr'><strong>Nam</strong></span> <span class='ocrx_word' id='word_1_396' title='bbox 929 3773 1011 3822; x_wconf 89' lang='lat' dir='ltr'><strong>neque</strong></span> <span class='ocrx_word' id='word_1_397' title='bbox 1022 3760 1121 3823; x_wconf 82' lang='lat' dir='ltr'><strong>sopiens</strong></span> <span class='ocrx_word' id='word_1_398' title='bbox 1133 3759 1226 3809; x_wconf 84' lang='lat' dir='ltr'><strong>uirtute</strong></span> <span class='ocrx_word' id='word_1_399' title='bbox 1239 3758 1338 3808; x_wconf 90' lang='lat' dir='ltr'><strong>retine-</strong></span> 
     </span>
     <span class='ocr_line' id='line_1_37' title="bbox 279 3845 1336 3911; baseline -0.006 -13"><span class='ocrx_word' id='word_1_400' title='bbox 279 3856 319 3899; x_wconf 92' lang='lat' dir='ltr'><strong>tur</strong></span> <span class='ocrx_word' id='word_1_401' title='bbox 330 3849 355 3898; x_wconf 91' lang='lat' dir='ltr'><strong>iu</strong></span> <span class='ocrx_word' id='word_1_402' title='bbox 369 3849 427 3897; x_wconf 89' lang='lat' dir='ltr'><strong>rita.</strong></span> <span class='ocrx_word' id='word_1_403' title='bbox 439 3868 449 3889; x_wconf 75' lang='grc' dir='ltr'>ι</span> <span class='ocrx_word' id='word_1_404' title='bbox 460 3877 489 3883; x_wconf 96' lang='grc'>-</span> <span class='ocrx_word' id='word_1_405' title='bbox 501 3848 643 3910; x_wconf 82' lang='lat' dir='ltr'><strong>Madvigius</strong></span> <span class='ocrx_word' id='word_1_406' title='bbox 655 3847 749 3898; x_wconf 89' lang='lat' dir='ltr'><strong>rerba:</strong></span> <span class='ocrx_word' id='word_1_407' title='bbox 764 3870 774 3890; x_wconf 78' lang='grc' dir='ltr'>ι</span> <span class='ocrx_word' id='word_1_408' title='bbox 788 3848 853 3911; x_wconf 94' lang='lat' dir='ltr'><strong>quod</strong></span> <span class='ocrx_word' id='word_1_409' title='bbox 867 3856 906 3897; x_wconf 87' lang='lat' dir='ltr'><strong>est</strong></span> <span class='ocrx_word' id='word_1_410' title='bbox 918 3848 1100 3897; x_wconf 83' lang='lat' dir='ltr'><strong>conuenienter</strong></span> <span class='ocrx_word' id='word_1_411' title='bbox 1112 3854 1208 3896; x_wconf 89' lang='lat' dir='ltr'><strong>naturae</strong></span> <span class='ocrx_word' id='word_1_412' title='bbox 1221 3845 1305 3893; x_wconf 87' lang='lat' dir='ltr'><strong>rivere</strong></span> <span class='ocrx_word' id='word_1_413' title='bbox 1315 3865 1336 3907; x_wconf 82' lang='lat'><strong>·‚</strong></span> 
     </span>
     <span class='ocr_line' id='line_1_38' title="bbox 278 3932 1339 4001; baseline -0.003 -15"><span class='ocrx_word' id='word_1_414' title='bbox 278 3950 333 4001; x_wconf 85' lang='lat' dir='ltr'><strong>qrrae</strong></span> <span class='ocrx_word' id='word_1_415' title='bbox 346 3937 465 4001; x_wconf 88' lang='lat' dir='ltr'><strong>leguntur</strong></span> <span class='ocrx_word' id='word_1_416' title='bbox 476 3938 500 3985; x_wconf 92' lang='lat' dir='ltr'><strong>in</strong></span> <span class='ocrx_word' id='word_1_417' title='bbox 514 3937 645 3987; x_wconf 85' lang='lat' dir='ltr'><strong>codicibus</strong></span> <span class='ocrx_word' id='word_1_418' title='bbox 658 3945 714 3999; x_wconf 92' lang='lat' dir='ltr'><strong>post</strong></span> <span class='ocrx_word' id='word_1_419' title='bbox 728 3952 734 3983; x_wconf 77' lang='grc' dir='ltr'>ι</span> <span class='ocrx_word' id='word_1_420' title='bbox 750 3958 759 3978; x_wconf 79' lang='grc' dir='ltr'>ι</span> <span class='ocrx_word' id='word_1_421' title='bbox 774 3937 796 3986; x_wconf 92' lang='lat' dir='ltr'><strong>si</strong></span> <span class='ocrx_word' id='word_1_422' title='bbox 808 3937 832 3986; x_wconf 91' lang='lat' dir='ltr'><strong>id</strong></span> <span class='ocrx_word' id='word_1_423' title='bbox 846 3945 987 3999; x_wconf 88' lang='lat' dir='ltr'><strong>opportune</strong></span> <span class='ocrx_word' id='word_1_424' title='bbox 999 3935 1082 3985; x_wconf 86' lang='lat' dir='ltr'><strong>iacere</strong></span> <span class='ocrx_word' id='word_1_425' title='bbox 1096 3935 1174 3997; x_wconf 89' lang='lat' dir='ltr'><strong>possit</strong></span> <span class='ocrx_word' id='word_1_426' title='bbox 1188 3954 1210 3992; x_wconf 84' lang='lat'><strong>»,</strong></span> <span class='ocrx_word' id='word_1_427' title='bbox 1229 3932 1339 3983; x_wconf 86' lang='lat' dir='ltr'><strong>transle-</strong></span> 
     </span>
     <span class='ocr_line' id='line_1_39' title="bbox 278 4022 1336 4087; baseline -0.003 -13"><span class='ocrx_word' id='word_1_428' title='bbox 278 4027 354 4075; x_wconf 89' lang='lat' dir='ltr'><strong>renda</strong></span> <span class='ocrx_word' id='word_1_429' title='bbox 367 4039 424 4075; x_wconf 91' lang='lat' dir='ltr'><strong>esse</strong></span> <span class='ocrx_word' id='word_1_430' title='bbox 437 4025 499 4075; x_wconf 88' lang='lat' dir='ltr'><strong>vidit</strong></span> <span class='ocrx_word' id='word_1_431' title='bbox 512 4033 568 4087; x_wconf 92' lang='lat' dir='ltr'><strong>post</strong></span> <span class='ocrx_word' id='word_1_432' title='bbox 582 4047 592 4068; x_wconf 76' lang='grc' dir='ltr'>ι</span> <span class='ocrx_word' id='word_1_433' title='bbox 606 4025 680 4075; x_wconf 87' lang='lat' dir='ltr'><strong>beate</strong></span> <span class='ocrx_word' id='word_1_434' title='bbox 695 4026 780 4074; x_wconf 84' lang='lat' dir='ltr'><strong>virere</strong></span> <span class='ocrx_word' id='word_1_435' title='bbox 790 4044 814 4085; x_wconf 84' lang='lat'><strong>»,</strong></span> <span class='ocrx_word' id='word_1_436' title='bbox 828 4038 903 4087; x_wconf 90' lang='lat' dir='ltr'><strong>quam</strong></span> <span class='ocrx_word' id='word_1_437' title='bbox 916 4024 1104 4074; x_wconf 84' lang='lat' dir='ltr'><strong>translationem</strong></span> <span class='ocrx_word' id='word_1_438' title='bbox 1117 4022 1202 4073; x_wconf 80' lang='lat' dir='ltr'><strong>effecit</strong></span> <span class='ocrx_word' id='word_1_439' title='bbox 1214 4023 1336 4073; x_wconf 88' lang='lat' dir='ltr'><strong>Baiterus.</strong></span> 
     </span>
     <span class='ocr_line' id='line_1_40' title="bbox 279 4111 1339 4174; baseline -0.003 -11"><span class='ocrx_word' id='word_1_440' title='bbox 279 4115 347 4164; x_wconf 83' lang='lat' dir='ltr'><strong>flauo</strong></span> <span class='ocrx_word' id='word_1_441' title='bbox 359 4115 509 4164; x_wconf 84' lang='lat' dir='ltr'><strong>medicinam</strong></span> <span class='ocrx_word' id='word_1_442' title='bbox 528 4115 608 4165; x_wconf 91' lang='lat' dir='ltr'><strong>rarius</strong></span> <span class='ocrx_word' id='word_1_443' title='bbox 620 4116 743 4164; x_wconf 84' lang='lat' dir='ltr'><strong>hactenus</strong></span> <span class='ocrx_word' id='word_1_444' title='bbox 759 4114 932 4164; x_wconf 85' lang='lat' dir='ltr'><strong>adhibuerunt</strong></span> <span class='ocrx_word' id='word_1_445' title='bbox 949 4114 1045 4174; x_wconf 87' lang='lat' dir='ltr'><strong>critici,</strong></span> <span class='ocrx_word' id='word_1_446' title='bbox 1062 4112 1122 4161; x_wconf 88' lang='lat' dir='ltr'><strong>iicet</strong></span> <span class='ocrx_word' id='word_1_447' title='bbox 1135 4111 1255 4161; x_wconf 89' lang='lat' dir='ltr'><strong>leviorem</strong></span> <span class='ocrx_word' id='word_1_448' title='bbox 1268 4119 1293 4161; x_wconf 87' lang='lat' dir='ltr'><strong>el</strong></span> <span class='ocrx_word' id='word_1_449' title='bbox 1305 4111 1339 4160; x_wconf 91' lang='lat' dir='ltr'><strong>li-</strong></span> 
     </span>
     <span class='ocr_line' id='line_1_41' title="bbox 280 4202 927 4267; baseline -0.006 -15"><span class='ocrx_word' id='word_1_450' title='bbox 280 4204 420 4254; x_wconf 90' lang='lat' dir='ltr'><strong>brariorum</strong></span> <span class='ocrx_word' id='word_1_451' title='bbox 432 4212 536 4267; x_wconf 89' lang='lat' dir='ltr'><strong>stupore</strong></span> <span class='ocrx_word' id='word_1_452' title='bbox 549 4217 735 4267; x_wconf 92' lang='lat' dir='ltr'><strong>nonnumquam</strong></span> <span class='ocrx_word' id='word_1_453' title='bbox 748 4202 927 4253; x_wconf 87' lang='lat' dir='ltr'><strong>necessariam.</strong></span> 
     </span>
    </p>

    <p class='ocr_par' dir='ltr' id='par_1_5' title="bbox 279 4289 1336 4447">
     <span class='ocr_line' id='line_1_42' title="bbox 310 4289 1336 4357; baseline -0.006 -15"><span class='ocrx_word' id='word_1_454' title='bbox 310 4293 380 4353; x_wconf 82' lang='lat' dir='ltr'><strong>ltili,</strong></span> <span class='ocrx_word' id='word_1_455' title='bbox 394 4294 407 4357; x_wconf 70' lang='lat' dir='ltr'>S</span> <span class='ocrx_word' id='word_1_456' title='bbox 419 4294 458 4344; x_wconf 84' lang='grc'><strong>63.</strong></span> <span class='ocrx_word' id='word_1_457' title='bbox 476 4294 593 4344; x_wconf 83' lang='lat' dir='ltr'><strong>Fortasse</strong></span> <span class='ocrx_word' id='word_1_458' title='bbox 610 4294 765 4357; x_wconf 84' lang='lat' dir='ltr'><strong>legendum:</strong></span> <span class='ocrx_word' id='word_1_459' title='bbox 782 4299 835 4341; x_wconf 77' lang='lat' dir='ltr'><strong>«ut</strong></span> <span class='ocrx_word' id='word_1_460' title='bbox 853 4294 970 4354; x_wconf 81' lang='lat' dir='ltr'><strong>apparent</strong></span> <span class='ocrx_word' id='word_1_461' title='bbox 987 4290 1115 4339; x_wconf 90' lang='lat' dir='ltr'><strong>bominem</strong></span> <span class='ocrx_word' id='word_1_462' title='bbox 1133 4289 1165 4338; x_wconf 93' lang='lat' dir='ltr'><strong>ab</strong></span> <span class='ocrx_word' id='word_1_463' title='bbox 1182 4289 1284 4339; x_wconf 90' lang='lat' dir='ltr'><strong>bomine</strong></span> <span class='ocrx_word' id='word_1_464' title='bbox 1289 4324 1336 4338; x_wconf 91' lang='grc'><strong>.....</strong></span> 
     </span>
     <span class='ocr_line' id='line_1_43' title="bbox 279 4376 1335 4447; baseline -0.009 -13"><span class='ocrx_word' id='word_1_465' title='bbox 279 4397 330 4434; x_wconf 84' lang='grc' dir='ltr'>ιιοιι</span> <span class='ocrx_word' id='word_1_466' title='bbox 340 4383 450 4434; x_wconf 88' lang='lat' dir='ltr'><strong>alienum</strong></span> <span class='ocrx_word' id='word_1_467' title='bbox 461 4383 542 4434; x_wconf 90' lang='lat' dir='ltr'><strong>rideri</strong></span> <span class='ocrx_word' id='word_1_468' title='bbox 557 4403 566 4425; x_wconf 83' lang='lat'><strong>·</strong></span> <span class='ocrx_word' id='word_1_469' title='bbox 580 4396 625 4445; x_wconf 92' lang='lat' dir='ltr'><strong>pro</strong></span> <span class='ocrx_word' id='word_1_470' title='bbox 639 4403 649 4425; x_wconf 77' lang='grc' dir='ltr'>ι</span> <span class='ocrx_word' id='word_1_471' title='bbox 665 4390 692 4433; x_wconf 88' lang='lat' dir='ltr'><strong>nt</strong></span> <span class='ocrx_word' id='word_1_472' title='bbox 703 4387 811 4447; x_wconf 84' lang='lat' dir='ltr'><strong>oportent</strong></span> <span class='ocrx_word' id='word_1_473' title='bbox 826 4401 847 4430; x_wconf 85' lang='lat'><strong>».</strong></span> <span class='ocrx_word' id='word_1_474' title='bbox 861 4379 980 4430; x_wconf 88' lang='lat' dir='ltr'><strong>-Verba</strong></span> <span class='ocrx_word' id='word_1_475' title='bbox 994 4380 1039 4429; x_wconf 83' lang='lat' dir='ltr'><strong>«in</strong></span> <span class='ocrx_word' id='word_1_476' title='bbox 1052 4379 1148 4431; x_wconf 82' lang='lat' dir='ltr'><strong>concita</strong></span> <span class='ocrx_word' id='word_1_477' title='bbox 1160 4399 1170 4420; x_wconf 74' lang='grc' dir='ltr'>ι</span> <span class='ocrx_word' id='word_1_478' title='bbox 1183 4378 1245 4429; x_wconf 91' lang='lat' dir='ltr'><strong>mibi</strong></span> <span class='ocrx_word' id='word_1_479' title='bbox 1257 4376 1335 4427; x_wconf 90' lang='lat' dir='ltr'><strong>abun·</strong></span> 
     </span>
    </p>
   </div>
   <div class='ocr_carea' id='block_1_3' title="bbox 0 0 1674 5159">
    <p class='ocr_par' dir='ltr' id='par_1_6' title="bbox 0 0 1674 5159">
     <span class='ocr_line' id='line_1_44' title="bbox 0 0 1674 5159; baseline 0 0"><span class='ocrx_word' id='word_1_480' title='bbox 0 0 1674 5159; x_wconf 95' lang='lat' dir='ltr'><strong> </strong></span> 
     </span>
    </p>
   </div>
  </div>
 </body>
</html>
