3325 5159
304 681 354 741 lo8
616 681 658 739 ila
672 694 793 740 iromus
806 681 842 754 li,
858 694 953 754 rv-vn,
969 683 1046 740 8-18.

300 822 337 871 Tb
341 858 400 872 ......
412 821 520 871 iussisset
535 842 557 884 ι,
570 835 644 886 quarn
656 824 842 873 correctionem
852 822 904 886 jam
916 822 1042 873 Manutius
1061 829 1088 872 et
1106 822 1149 873 alii
1166 823 1368 874 commendare-

303 920 367 962 rnnt.
379 941 410 949 —
421 913 546 963 omittunt
558 914 646 975 optimi
657 914 761 964 codices
772 920 830 976 post
843 926 884 961 vr.
899 933 909 955 ι
924 913 968 961 ubi
980 913 1032 963 nati
1046 932 1068 976 »,
1088 914 1197 963 incisum
1210 928 1217 961 ι
1236 935 1247 957 ι
1261 920 1288 963 et
1301 914 1368 964 illam

300 1013 349 1064 qua
361 1003 462 1065 excepti
477 1024 498 1064 »‚
511 1002 578 1066 quod
591 1002 685 1065 legitur
696 1003 721 1051 in
734 1002 908 1052 deterioribus
921 1010 948 1051 et
959 1002 992 1051 ab
1004 1002 1147 1053 editoribus
1158 989 1297 1052 admissum
1310 1002 1368 1051 luit.

301 1092 366 1142 Bake
378 1092 542 1143 scribendum
554 1106 612 1143 esse
624 1093 730 1155 putabat
743 1114 753 1135 ι
767 1105 842 1155 aqua
854 1092 956 1155 excepti
968 1105 1056 1142 sumus
1070 1113 1090 1139 ·.
1106 1093 1185 1142 llalm.
1199 1093 1281 1143 edidit
1295 1093 1369 1143 litte-

301 1181 337 1230 ris
348 1182 478 1245 obliquis:
500 1189 549 1231 «et
563 1182 641 1241 illam,
659 1182 685 1231 in
704 1194 779 1245 quam
797 1182 931 1244 recepti»,
951 1181 1019 1244 quod
1039 1181 1196 1243 probandum
1214 1179 1322 1231 ridetur.
1336 1209 1367 1218 —

300 1271 395 1320 Tuetur
406 1272 556 1334 Madvigius,
568 1272 653 1334 spuria
666 1271 757 1320 Baitios
769 1277 859 1320 censet
870 1271 962 1321 verba:
978 1271 1059 1321 «dum
1071 1270 1104 1319 sit
1115 1271 1157 1320 illa
1170 1270 1260 1329 maior,
1273 1258 1327 1319 baec
1340 1271 1365 1318 in

301 1372 330 1410 ea
342 1360 501 1410 contineatur
515 1374 543 1420 »3
557 1360 675 1423 equidem
694 1359 809 1410 omittam
828 1367 924 1410 tautum
939 1374 945 1406 :
966 1377 978 1402 1
993 1358 1046 1408 boec
1065 1359 1090 1407 in
1110 1372 1140 1407 ea
1158 1358 1320 1408 contineatur
1335 1374 1365 1419 »3

300 1452 418 1513 qnoniam
430 1450 473 1499 illo
484 1450 621 1512 opponitur
633 1449 738 1499 vocibus
751 1471 761 1492 «
776 1449 840 1498 banc
859 1462 941 1498 meam
956 1469 979 1510 »,
998 1462 1048 1498 non
1068 1460 1134 1511 opus
1151 1447 1210 1497 addi
1229 1448 1365 1511 quicquum

300 1547 358 1602 post
368 1544 458 1588 motor.
472 1568 502 1575 -
514 1540 619 1602 Legitur
630 1539 656 1588 in
668 1539 771 1601 optimis
781 1539 855 1589 codd.
871 1545 928 1601 post
939 1538 1114 1587 continentur:
1135 1558 1145 1578 ι
1160 1537 1236 1586 babet
1252 1537 1366 1586 civitatis

300 1637 326 1679 et
338 1642 412 1679 unam
424 1629 491 1678 illam
503 1630 632 1678 ciuitatem
643 1636 713 1691 putat
728 1651 749 1690 »,
762 1628 830 1691 quod
849 1628 974 1691 glossema
991 1626 1044 1688 iam
1063 1627 1225 1677 damnaverat
1245 1626 1364 1673 Camera-

301 1720 370 1780 rius;
383 1720 483 1769 videtur
494 1719 562 1768 enim
575 1718 664 1769 relerri
676 1718 707 1768 ad
720 1731 750 1768 ea
762 1730 818 1780 quae
831 1717 905 1780 paulo
922 1728 997 1779 supra
1014 1715 1133 1779 leguntur
1146 1729 1153 1762 ε
1176 1735 1186 1756 ι
1200 1713 1238 1763 rei
1257 1713 1365 1775 publicae

300 1822 392 1859 nomeu
405 1808 529 1859 universae
539 1807 649 1857 ciuitatis
660 1814 700 1856 est
713 1827 734 1852 r.

333 1899 372 1959 lv,
385 1899 397 1960 5
408 1900 432 1948 8.
450 1898 545 1961 Opinon
555 1897 704 1947 Ciceronem
717 1896 787 1959 prius
798 1895 931 1958 scripsisse
945 1910 951 1943 :
967 1915 977 1936 ι
993 1894 1127 1944 Videamus
1139 1893 1298 1957 igitur........
1313 1891 1363 1939 rim

299 1996 464 2051 naturamque
476 1987 551 2051 legis,
563 2000 640 2050 quum
652 1986 785 2037 reserenda
798 1986 850 2035 sint
860 1986 892 2035 ad
900 1998 956 2034 eam
964 1984 1047 2034 omnia
1058 2004 1080 2043 n,
1089 1982 1183 2033 omisso
1191 1982 1296 2031 neinter
1306 1981 1365 2044 lepis

298 2084 325 2126 et
337 2090 420 2140 quom,
433 2083 459 2125 et
471 2075 576 2138 postlrac
589 2075 689 2138 plenius
699 2075 852 2125 senteutiam
864 2074 900 2123 sie
913 2074 1070 2136 expressisse
1084 2088 1091 2121 ε
1105 2091 1118 2117 o
1135 2072 1185 2121 rim
1197 2078 1363 2134 naturamque

298 2166 372 2228 legis,
386 2178 417 2214 ne
430 2164 543 2213 labamur
554 2164 681 2214 interdum
693 2176 780 2213 errore
792 2162 928 2222 sermonis,
940 2161 1139 2225 ignoremusque
1152 2161 1201 2209 vim
1210 2160 1275 2220 eius,
1284 2173 1362 2222 quum

298 2254 352 2302 iura
364 2253 438 2302 nobis
450 2252 593 2302 delinienda
606 2255 663 2300 sunt
673 2272 695 2309 ι,
707 2258 735 2300 ut
746 2250 849 2313 scripsit
861 2249 988 2311 iiaimius;
1001 2249 1086 2312 itaque
1098 2249 1235 2299 delendum
1246 2255 1286 2298 est
1298 2248 1361 2297 inei-

298 2354 368 2390 sum:
384 2362 393 2383 a
408 2353 485 2404 quum
498 2339 631 2389 reserenda
644 2340 695 2388 sint
711 2339 743 2388 ad
755 2352 811 2388 eom
828 2339 911 2388 omnia
926 2358 937 2380 »
957 2339 1025 2402 quod
1045 2338 1178 2388 manifesto
1196 2337 1317 2387 abundat.
1331 2364 1360 2371 —

299 2429 381 2478 Malim
394 2442 450 2478 cum
464 2429 565 2479 bavisio
577 2436 603 2478 et
616 2428 691 2479 Balaio
703 2426 789 2491 legere
803 2444 809 2475 ε
824 2449 835 2471 «
849 2442 881 2477 ex
894 2442 941 2491 qoo
953 2427 994 2477 iila
1006 2428 1048 2477 lex
1065 2448 1087 2488 n,
1101 2441 1146 2490 pro
1158 2426 1226 2490 vulg.
1239 2441 1297 2490 quo.

327 2518 356 2576 V,
369 2519 381 2580 5
393 2520 432 2567 ll.
450 2518 546 2581 Sequar
559 2518 686 2568 barisium
704 2517 852 2581 legentem:
874 2536 887 2562 1
900 2516 986 2567 farore
1006 2518 1087 2580 magis
1105 2529 1180 2579 quam
1201 2516 1255 2565 iure
1270 2536 1294 2577 n,
1315 2530 1360 2579 pro

301 2607 367 2670 vulg.
383 2620 481 2669 «quam
493 2621 519 2654 re
534 2621 605 2667 »3-
618 2606 730 2656 llalmius
748 2606 827 2655 velit:
849 2627 859 2648 «
874 2619 918 2656 eas
935 2606 1006 2669 leges
1023 2605 1141 2656 videlicet
1151 2605 1292 2655 nominatas
1310 2619 1361 2654 esse

300 2696 339 2745 vel
350 2697 495 2755 nominasse,
510 2710 555 2759 pro
567 2696 636 2759 vulg.
648 2697 813 2746 nominarent.
826 2696 1142 2751 Bakiusmalitnomlnore5
1151 2695 1268 2758 equidem
1278 2694 1359 2758 legam

299 2786 437 2834 nominatos
449 2800 507 2843 esse,
521 2786 589 2848 quod
600 2785 720 2835 conuenit
731 2798 789 2835 cum
803 2798 842 2833 vv.
855 2785 966 2835 inuentos
977 2799 1036 2836 esse.
1046 2810 1076 2822 -
1085 2784 1176 2833 Baitios
1187 2782 1291 2846 conjicit
1301 2783 1361 2832 scri-

296 2878 400 2939 pserint,
415 2888 460 2939 pro
472 2876 651 2940 descripserint.
660 2873 713 2938 -5
725 2876 763 2925 13.
777 2875 804 2925 Si
815 2874 914 2938 legatur
926 2875 1043 2933 latrones,
1058 2887 1102 2937 pro
1110 2873 1184 2923 codd.
1194 2873 1252 2922 lect.
1263 2873 1359 2929 totores,

298 2964 434 3028 legendum
446 2979 572 3023 consensu,
585 2979 631 3027 pro
644 2964 710 3028 vulg.
730 2978 853 3014 consessu.
866 2990 897 2999 -
908 2965 992 3014 Locus
1007 2970 1161 3026 corruptus:
1182 2982 1193 3004 ι
1207 2962 1362 3012 cuicuimodi

299 3052 376 3104 luerit
387 3054 428 3104 illa
443 3074 453 3096 »
467 3054 528 3104 mibi
539 3055 577 3105 sic
594 3054 694 3104 restitui
711 3067 786 3117 posse
806 3054 926 3105 ridetur:
949 3054 1084 3104 «cuiusuis
1102 3052 1228 3102 commodo
1246 3052 1360 3101 sciverint

299 3144 369 3193 illam
383 3144 508 3204 ·;statim
520 3143 653 3206 subjiciam
667 3158 673 3191 ε
695 3162 707 3187 α
721 3144 743 3193 si
760 3144 930 3207 perniciosum
950 3142 1044 3206 aliquid
1065 3142 1171 3205 populus
1190 3141 1318 3204 acceperit
1330 3154 1357 3201 »3

204 3288 207 3295 Ι
299 3233 374 3281 etiem
384 3233 405 3281 si
416 3232 549 3295 scriptoris
559 3232 640 3282 menti
652 3239 786 3296 repugnat.

330 3321 370 3383 Vl,
383 3320 397 3385 5
408 3322 448 3371 ll.
464 3321 582 3372 Fortasse
594 3321 731 3386 legendum
744 3338 751 3370 ι
765 3344 775 3365 «
789 3325 863 3385 utque
880 3322 1014 3385 separatim
1031 3321 1064 3370 de
1083 3321 1183 3384 legibus
1203 3320 1258 3370 eins
1272 3338 1294 3379 υ,
1313 3332 1358 3381 pro

297 3409 418 3472 idemque.
430 3438 460 3446 -
472 3410 563 3461 Merito
574 3410 677 3461 inclusit
689 3410 801 3460 Halmius
814 3424 870 3460 roo.
883 3411 950 3472 lepis,
964 3410 1030 3459 inter
1041 3410 1095 3458 elus
1106 3416 1132 3459 et
1151 3410 1232 3459 lande.
1245 3436 1276 3444 -
1293 3408 1359 3457 Sen-

298 3498 402 3547 tentiam
416 3512 423 3545 :
436 3515 449 3541 o
462 3497 530 3558 Quos
541 3498 653 3548 imitatus
664 3498 734 3548 Plato
738 3533 795 3547 .....
808 3497 884 3547 minis
895 3510 988 3561 cogere
1002 3519 1024 3559 ι,
1038 3498 1156 3554 nonsiue
1174 3509 1249 3547 eausa
1267 3497 1359 3546 Bnlrius

297 3586 427 3636 insititiam
440 3599 498 3636 esse
509 3585 662 3649 suspicatur.
674 3614 704 3624 -
716 3587 728 3649 5
742 3588 780 3635 15.
793 3586 929 3636 Excellens
943 3586 1012 3637 idem
1024 3587 1128 3637 criticus
1145 3586 1282 3650 legendum
1299 3598 1358 3635 esse

296 3682 403 3724 censet:
419 3696 429 3717 «
443 3678 475 3724 At
486 3674 684 3738 Theophrastus,
700 3682 790 3725 auctor
806 3675 873 3725 haud
892 3676 1015 3738 deterior,
1036 3687 1091 3724 mea
1110 3674 1212 3738 quidem
1231 3674 1356 3723 sententia

297 3764 387 3815 melior
399 3766 478 3816 multo
492 3785 502 3808 »
513 3780 520 3827 ;
532 3766 628 3816 omisso
640 3767 719 3815 verbo
729 3766 865 3826 nominant,
879 3766 946 3829 quod
959 3766 1060 3816 videtur
1071 3766 1196 3829 glossema
1209 3777 1267 3814 esse
1286 3764 1358 3813 verbi

298 3861 498 3904 commemorant.

328 3944 379 3993 vll.
398 3944 523 3994 Eumdem
534 3956 627 4008 sequor
638 3944 765 4009 legentem
779 3960 786 3994 2
802 3966 812 3989 ι
826 3946 929 3995 deornm
940 3946 996 4008 geri
1008 3945 1103 3996 ditione
1115 3958 1145 3996 ac
1157 3945 1260 3995 numine
1277 3966 1299 4007 n,
1313 3959 1359 4008 pro

298 4033 508 4095 eorum—516.
522 4033 606 4083 Malim
620 4049 626 4081 :
641 4055 651 4076 ι
665 4047 762 4084 summa
773 4034 871 4098 ingenii
882 4036 947 4084 ratio
959 4034 1156 4098 comprehendat,
1174 4033 1244 4083 nrtllo
1260 4034 1358 4083 ratione

298 4123 395 4173 moveri
408 4130 480 4185 putet
494 4124 572 4184 »;sic
587 4123 787 4185 bomoeoarctou‚
807 4124 875 4187 quod
895 4124 990 4174 lacunae
1007 4129 1090 4173 ortum
1106 4122 1187 4182 dedit,
1208 4122 1300 4186 pariter
1316 4120 1358 4171 in-

298 4212 428 4277 telligitur.
441 4240 472 4248 —
483 4213 578 4277 Legam
589 4226 647 4263 cunr
660 4213 737 4263 Balio
748 4213 891 4273 vindicibus,
905 4227 951 4275 pro
963 4213 1031 4275 vulg.
1044 4212 1171 4261 indicibus.
1184 4240 1216 4248 -
1226 4213 1238 4275 5
1250 4213 1289 4261 ll.
1303 4210 1356 4260 Ob-

297 4309 420 4365 sequutus
432 4309 472 4352 est
484 4302 596 4351 Halmius
607 4302 683 4352 Balio
694 4302 830 4365 legendum
842 4314 899 4352 esse
912 4301 1024 4353 monenti
1039 4317 1045 4349 :
1060 4322 1070 4345 ι
1083 4302 1112 4350 de
1124 4301 1172 4351 deis
1187 4301 1319 4352 exordium
1334 4322 1356 4364 n,

297 4405 343 4457 pro
356 4392 423 4455 vulg.
440 4413 449 4436 ι
463 4392 523 4456 lepis
533 4392 666 4444 exordium
680 4406 708 4454 »ς
721 4392 825 4444 codices
838 4392 933 4443 babent
951 4392 1067 4442 111111-
1079 4393 1091 4455 5
1104 4393 1143 4443 lii.
1155 4392 1209 4442 Vox
1217 4392 1288 4455 tepeo,
1299 4400 1356 4455 post
