3325 5159
523 585 698 645 bennonem
713 584 1035 676 nltunllll.tt1'II-x1v,
1053 590 1146 651 itt-³5.
1332 591 1368 654 nti

298 721 352 780 tlte,
365 727 418 772 tum
431 722 464 772 nd
475 734 587 786 coopto.
598 746 631 761 -
642 724 741 775 verbo:
756 729 767 769 ἰ
780 725 874 777 nudius
887 726 979 778 tertius
991 745 1004 773 o
1016 728 1049 779 od
1060 729 1171 793 priorem
1189 729 1249 781 libri
1260 730 1367 782 Iormtm

296 811 438 875 pertinent,
451 816 536 863 cisen
547 811 720 873 librariorum,
737 826 784 864 sen
795 814 870 865 l'nilii
882 814 963 880 ipsius
974 817 1137 883 negligentiae
1148 819 1286 883 debentur,
1301 820 1367 872 sicut

296 900 392 951 verber
406 920 417 944 ι
430 900 552 953 hesterno
563 902 606 953 dic
621 923 633 946 ..
645 902 705 953 libri
719 902 751 963 Il,
762 902 776 968 5
787 904 827 955 73.
842 904 924 957 Invito
935 912 1040 958 auctore
1052 915 1194 960 serventur.

329 990 393 1052 VIII,
405 990 467 1053 519.
486 992 582 1055 Legem
595 1005 652 1042 cnm
665 993 793 1058 llndvigio
807 1014 817 1037 ι
831 998 858 1045 ct
867 994 916 1045 boo
928 996 1086 1060 eprIcemns
1105 1018 1127 1061 ι,
1144 998 1213 1063 quod
1228 997 1367 1063 slmplicius

298 1080 401 1130 videtur
411 1093 486 1145 quam
500 1082 577 1132 lectio
585 1082 706 1142 coddut,
714 1089 741 1134 ει
750 1084 831 1148 magis
839 1085 963 1136 urbanum
972 1096 1047 1151 quom
1057 1096 1090 1146 ot,
1100 1101 1145 1139 seu
1153 1088 1308 1151 εει-530.
1318 1089 1366 1139 lte·

298 1185 339 1232 re,
353 1171 453 1234 opinor,
466 1169 576 1223 Orellius
587 1172 665 1237 legit:
679 1192 691 1217 ι
704 1174 769 1239 qnod
780 1173 842 1224 nibil
854 1174 880 1225 In
893 1189 979 1227 remm
992 1183 1080 1228 notum
1092 1178 1184 1229 melius
1195 1184 1266 1229 esset
1279 1193 1301 1241 o,
1320 1190 1367 1242 pro

297 1262 358 1312 cod.
370 1261 435 1311 lecte
443 1274 500 1326 ooo,
514 1262 583 1313 unde
594 1263 676 1314 oritur
687 1264 802 1327 quaedun
813 1262 977 1330 ambiguitas.
988 1292 1019 1303 -
1031 1254 1093 1330 §il
1107 1268 1211 1320 Servent
1224 1268 1294 1333 quod,
1308 1274 1367 1318 ante

299 1348 413 1412 difficile.
1110 1377 1112 1382 <

332 1439 373 1502 III,
386 1440 398 1502 5
410 1438 449 1488 33.
468 1439 566 1491 Verba:
581 1462 591 1485 ι
605 1441 654 1491 erit
665 1443 775 1493 mundus
788 1460 801 1488 o
813 1442 907 1494 absunt
918 1443 951 1494 eb
963 1445 1067 1508 optimis
1078 1445 1220 1506 codicibus,
1232 1457 1262 1497 en
1281 1446 1367 1497 Btite·

301 1541 347 1578 rus
358 1527 480 1590 seclusit;
492 1529 581 1593 quidni
592 1530 706 1581 deleuit?
718 1530 750 1582 Iis
761 1530 881 1597 equidem
893 1545 1066 1597 nontparcnm.
1080 1535 1179 1586 Absunt
1190 1535 1223 1586 ab
1236 1536 1278 1587 ed.
1298 1535 1366 1599 Ltps.

330 1618 361 1676 x,
374 1618 386 1679 §
397 1618 439 1667 24.
457 1619 582 1683 Baiterns,
600 1628 705 1672 anctore
722 1619 852 1681 limenio,
870 1623 928 1674 nod.
949 1623 976 1673 B’
992 1631 1116 1689 sequutus
1134 1630 1184 1687 εει,
1208 1624 1251 1690 qui
1273 1625 1366 1673 babet:

297 1724 311 1751 u
324 1706 381 1757 siue
393 1707 443 1758 deo
455 1708 511 1758 lieri
523 1722 574 1759 ooo
586 1709 713 1773 possenti
726 1733 736 1755 ι
750 1710 793 1761 ulii
806 1724 896 1763 omnes
907 1714 969 1763 dunt
980 1726 1070 1764 nonne.
1078 1739 1109 1750 —-
1121 1713 1191 1765 Idem
1203 1722 1290 1765 contin
1299 1716 1367 1765 codi-

299 1806 355 1856 ces,
367 1796 412 1859 qui
422 1795 518 1847 hubent
530 1798 636 1861 nomem,
650 1798 773 1851 lambino
785 1799 973 1865 obtemperavit
981 1802 1121 1867 corrigenti
1132 1816 1227 1869 quoquc
1238 1803 1265 1852 in
1273 1803 1366 1853 inciso:

304 1903 315 1926 ·
330 1885 366 1935 lle
379 1885 502 1936 tertianas
513 1899 615 1951 quoquc
627 1887 714 1939 lebres
726 1909 748 1937 ι.
761 1888 834 1940 coni.
846 1890 921 1940 Iusc.
934 1889 1005 1954 bisp.
1019 1890 1049 1951 ll,
1062 1890 1076 1956 5
1090 1892 1113 1955 I,
1127 1890 1171 1942 ubi
1183 1892 1272 1943 eedem
1291 1898 1368 1941 muta·

299 1974 336 2025 tio
350 1982 444 2026 tentata
457 1983 506 2026 cst.
518 2004 549 2013 -
561 1976 576 2041 5
587 1976 629 2027 io.
641 1978 736 2042 Legem
748 1985 870 2029 monente
889 1980 1002 2044 Kaysero
1013 1978 1054 2045 (in
1071 1981 1112 2031 ed.
1130 1980 1216 2053 lips.)
1232 1981 1365 2043 intinquit,

299 2076 345 2127 pro
357 2064 426 2129 vulg.
439 2066 604 2129 dtettopuitur.
617 2092 649 2104 -
660 2067 756 2118 scholii
767 2068 881 2131 speciem
893 2068 989 2119 nobem
1001 2070 1094 2120 uerbo:
1108 2067 1302 2121 «nibilbomIne
1310 2084 1369 2121 csse

300 2154 391 2218 melius
405 2169 433 2216 »ς
452 2161 570 2219 suspecta
584 2156 684 2207 lintisIo
696 2170 726 2207 ea
739 2157 854 2208 Baiterns
867 2158 980 2209 seclusit.

329 2244 362 2293 III
374 2242 387 2305 5
398 2243 439 2293 33.
457 2243 572 2294 liniterns
584 2244 610 2294 In
622 2245 664 2295 ed.
677 2245 746 2308 Lips.
759 2246 853 2298 merito
864 2247 928 2311 legit
945 2249 1140 2306 continerentur,
1159 2248 1288 2307 roborent,
1304 2262 1366 2312 per-

300 2334 415 2393 manent,
428 2345 484 2397 qute
496 2333 582 2395 lectio,
596 2334 636 2383 uel
649 2334 736 2384 Invitis
748 2335 825 2385 codd.
836 2336 993 2387 admittendo
1006 2344 1055 2387 est.
1067 2335 1139 2387 conl.
1155 2335 1186 2395 II,
1198 2338 1211 2399 5
1222 2336 1262 2386 lii.

328 2422 384 2487 IIII,
397 2424 409 2487 5
420 2422 461 2474 33.
478 2424 568 2476 Alieno
581 2426 637 2476 loco
648 2425 744 2475 inserto
758 2425 859 2476 uidetur
871 2426 1013 2477 sententiis:
1029 2447 1041 2471 «
1053 2427 1165 2491 cumque
1182 2430 1258 2477 omne
1274 2427 1366 2477 animal

303 2512 445 2577 patibilem.
459 2550 466 2563 .
480 2549 487 2562 .
503 2521 548 2565 .ct
558 2512 689 2565 dividuum
702 2514 734 2564 sit
745 2517 853 2565 necesse
866 2520 906 2565 est
919 2534 930 2558 r
941 2529 948 2576 ς
961 2514 1055 2566 etenim
1072 2516 1235 2579 interrumpit
1253 2529 1308 2581 quae
1325 2518 1368 2568 di-

297 2607 391 2654 cuntur
401 2604 434 2654 de
445 2604 561 2668 corporis
573 2605 744 2666 mortalitate3
756 2606 843 2669 itaque
856 2604 1030 2657 trunsIerende
1042 2612 1091 2666 est,
1103 2605 1204 2669 opinor,
1218 2611 1276 2670 post
1288 2608 1366 2657 verbu

299 2712 310 2735 «
324 2692 422 2742 nullum
434 2698 475 2743 εει
486 2693 577 2743 animal
590 2694 775 2757 sempitemnm
789 2714 800 2739 ι
813 2694 841 2744 in
853 2694 903 2744 line
916 2694 928 2757 5
939 2694 979 2758 31,
988 2694 1032 2745 ubi
1040 2694 1127 2759 ¹agitur
1138 2695 1293 2746 detnimnlls
1301 2706 1368 2746 mor-

299 2779 406 2830 talittte.
430 2780 472 2831 Sic
489 2793 540 2830 non
553 2793 618 2844 opns
635 2781 722 2846 legere
738 2794 796 2832 cum
815 2783 943 2847 lindeigio
959 2783 986 2833 io
999 2783 1053 2846 533
1070 2782 1197 2847 principio
1216 2784 1309 2833 onimot
1321 2795 1368 2847 pro

299 2881 405 2934 corpor,
422 2878 482 2921 tute
504 2873 691 2935 sempiternom.
715 2895 748 2909 -
768 2872 859 2923 llerito
876 2872 1050 2924 licindordnm
1073 2879 1177 2924 secutus
1193 2881 1234 2924 εει
1250 2871 1366 2924 liniterus

298 2960 445 3023 tegentem:
460 2979 472 3004 «
485 2972 561 3010 omoe
572 2959 665 3010 animal
678 2959 727 3009 tete
738 2967 780 3012 est
792 2978 805 3004 ν
818 2973 865 3025 pro
877 2961 1022 3011 mortete—
1030 2961 1151 3025 Suspicor
1162 2962 1219 3011 adv.
1228 2961 1368 3026 crpo,quod

298 3050 464 3115 legiturante
475 3052 570 3114 itidem,
583 3050 789 3103 transterendum
808 3063 867 3103 esse
886 3051 951 3102 intro
970 3053 997 3102 in
1020 3051 1281 3112 momenmentum,
1299 3053 1367 3117 qtrod

298 3139 376 3191 troile
387 3140 470 3192 omitti
482 3148 582 3205 potest:
597 3140 714 3191 «nullum
725 3147 766 3192 est
778 3151 840 3206 ergo
851 3140 983 3193 inniduum
992 3160 1048 3192 ».-
1058 3141 1121 3206 533.
1128 3142 1224 3206 Legem
1236 3154 1294 3193 cum
1306 3142 1368 3207 lley-

301 3242 377 3283 sero:
392 3249 403 3275 ‹
416 3232 439 3283 si
450 3244 480 3283 en
492 3243 524 3283 ex
537 3232 629 3297 quibus
641 3231 725 3284 omnic
737 3238 856 3285 constant
868 3250 890 3294 r,
903 3243 949 3296 pro
963 3232 1030 3298 vulg.
1044 3247 1058 3279 κ
1070 3233 1092 3285 si
1104 3219 1197 3294 omnia,
1210 3243 1266 3298 quae
1277 3235 1366 3293 sonte

299 3320 395 3386 quibus
406 3328 497 3373 cuncto
515 3326 633 3374 consoni
645 3334 669 3386 »;
688 3320 736 3374 sed
753 3323 869 3375 omittam
886 3320 994 3373 incisum
1015 3331 1071 3373 «en
1091 3322 1185 3387 quibus
1202 3322 1285 3374 omnio
1304 3333 1365 3374 con-

299 3418 368 3463 stant
380 3429 403 3475 n,
416 3411 485 3477 qnod
495 3411 590 3477 iegitur
601 3423 677 3464 uerso
689 3411 922 3473 interimemur«
935 3420 995 3464 snnt
1007 3410 1075 3463 nile»
1088 3419 1138 3464 eto
1153 3418 1181 3465 ut
1191 3412 1267 3465 vobis
1281 3432 1302 3463 ι.
1344 3435 1347 3440 ·

331 3499 397 3562 xlii,
408 3499 423 3567 5
434 3500 474 3552 33.
491 3500 610 3553 Omlttum
622 3500 720 3565 pariter
729 3515 786 3554 cum
798 3500 919 3554 Wnllero
929 3502 1101 3553 sententiani
1112 3518 1126 3548 ι
1138 3509 1165 3554 ει
1182 3513 1258 3554 omne
1273 3502 1366 3554 enimet

299 3592 379 3643 sentit
388 3607 415 3654 Δι,
427 3603 484 3655 quae
494 3588 584 3642 scholii
601 3589 714 3655 speciem
726 3592 822 3655 prebet
833 3598 861 3643 et
876 3592 999 3643 orationis
1013 3593 1108 3644 seriem
1121 3592 1215 3644 turbat.
1228 3616 1259 3631 -··
1271 3592 1366 3657 Legem

298 3693 356 3731 cum
376 3678 519 3730 lambino:
540 3696 551 3723 ι
569 3679 668 3743 adpetit
685 3682 809 3745 qnaedam
828 3680 923 3746 retegit
941 3693 955 3731 a
973 3682 1169 3746 quibusdem-»3
1190 3687 1216 3733 et
1234 3682 1365 3733 subinde:

302 3768 490 3835 «monentem
503 3768 568 3834 lingit
582 3791 604 3820 ι.
620 3795 642 3807 -
659 3768 809 3822 Conclusio:
824 3771 925 3823 «omne
937 3781 999 3836 ergo
1018 3771 1110 3822 tnimnl
1129 3772 1238 3822 interest
1256 3781 1365 3821 neccsse

297 3867 339 3910 εει
353 3881 363 3902 ι
376 3860 460 3911 alieno
473 3872 578 3923 prorsus
590 3860 647 3910 loco
660 3859 763 3924 legitur,
782 3867 809 3911 et
827 3861 1003 3912 transferenda
1023 3861 1124 3912 videtur
1135 3861 1147 3923 5
1158 3860 1190 3909 34
1208 3863 1266 3923 post
1282 3869 1366 3910 mem-

298 3950 391 4000 brnmr
404 3968 418 3996 o
430 3960 479 4000 nec
490 3949 570 4001 ullum
582 3950 675 4001 animal
686 3957 725 4002 est
736 3950 793 4001 sine
805 3962 883 4001 senso
897 3969 910 3996 r
922 3949 1025 4001 omissis
1036 3949 1122 4001 verbis
1132 3963 1139 3998 z
1148 3969 1164 3993 ·«
1178 3949 1274 3999 nullum
1286 3949 1366 4014 igitur

296 4038 391 4112 animo}
402 4046 524 4090 ueternum
536 4046 576 4091 est
590 4060 602 4085 a
615 4053 672 4105 quoe
682 4038 813 4091 abundent
824 4038 858 4091 ob
869 4038 1023 4091 clausulam:
1037 4059 1048 4082 «
1062 4037 1159 4090 nullum
1177 4037 1256 4103 igitur
1271 4038 1365 4089 enimsi

298 4134 339 4180 est
348 4128 535 4193 sempiternum
549 4144 572 4192 o,
592 4141 648 4193 quae
660 4128 757 4194 legitur
767 4129 794 4179 in
806 4128 850 4179 liu.
864 4129 876 4193 5
887 4128 927 4193 ti,
936 4127 966 4179 ii.
979 4127 1043 4179 IIIII.

331 4216 394 4281 xlv,
406 4218 419 4280 5
431 4217 470 4268 st.
489 4217 596 4281 Scripsit
607 4218 723 4269 balterus
734 4221 858 4280 concreto,
872 4231 917 4281 pro
937 4220 1088 4277 concretum,
1106 4217 1132 4281 In
1151 4219 1193 4270 ed.
1206 4217 1275 4283 lips.
1296 4223 1365 4270 eucl.

297 4306 358 4358 cod.
371 4305 477 4371 Glogrv.
489 4333 520 4345 —
531 4306 546 4371 5
557 4306 596 4357 35.
611 4305 680 4358 ldenr
692 4309 783 4359 merito
795 4308 901 4359 seclusit
918 4307 996 4358 verbo
1006 4313 1016 4357 ε’
1034 4328 1046 4353 ι
1059 4319 1110 4380 non
1122 4319 1221 4359 omnes
1234 4308 1365 4373 interpre-

298 4404 387 4448 tuntnr
397 4408 450 4449 uno
459 4395 536 4449 modo
547 4413 573 4460 o,
586 4404 613 4448 et
624 4396 711 4449 omisit
722 4399 773 4463 poi,
786 4406 846 4449 onte
857 4397 981 4463 pomnen
994 4396 1062 4463 qood
1074 4411 1088 4449 u
1099 4386 1184 4450 code
1195 4405 1247 4463 opt.
1264 4405 1293 4451 ει
1307 4400 1366 4463 plu·
