3325 5159
532 576 573 632 [ιι
587 588 702 635 rruruus
715 588 853 632 cononum
871 576 902 645 V,
919 588 1031 646 xv-xrx,
1046 578 1140 635 ta-5t.
1331 579 1364 635 53

306 728 374 770 tasse
386 719 482 770 Tullius
497 719 618 782 scripsit:
637 720 746 784 «ltaque
763 728 905 770 extremum
922 719 1034 769 omniurn
1049 721 1250 785 appetendorum
1262 722 1364 772 ductum

304 824 318 859 a
332 810 411 872 prima
423 809 643 860 commendatione
656 816 760 870 natnrae,
768 816 839 859 etc.»
854 809 926 859 Latet
937 810 1019 873 itaque
1031 809 1057 859 in
1067 810 1187 873 particula
1199 815 1271 875 utque
1283 811 1366 862 alieno

304 898 361 948 loco
375 898 456 961 posita
467 904 526 948 ante
538 898 649 954 ductum,
661 910 693 947 ex
706 897 826 960 opinione
839 897 954 947 Lambini
966 903 992 947 et
1004 897 1125 948 Ernestii.

335 985 387 1046 xv,
404 983 467 1047 5⁴2·
483 985 510 1034 Si
526 984 616 1048 legas:
632 1004 642 1027 ι
656 984 693 1034 Ea
704 984 844 1035 similitudo
861 984 995 1047 ingerere
1011 985 1088 1035 etiam
1101 985 1211 1034 hnmano
1222 991 1328 1047 apparet
1342 1004 1364 1046 ι,

301 1075 430 1125 sententia
450 1088 508 1125 cum
526 1074 653 1137 superiori
675 1073 818 1137 elegantius
841 1080 1028 1124 connectetur:
1054 1087 1153 1137 «qtram
1173 1073 1365 1124 similitudinem

303 1165 420 1213 ridemus
432 1164 457 1212 in
469 1162 559 1212 bestiis
572 1183 594 1211 ι.
605 1189 637 1198 -
647 1162 662 1226 5
673 1163 712 1213 43.
727 1163 874 1226 legendnm
888 1163 997 1225 opinor:
1017 1184 1026 1206 ι
1042 1162 1143 1214 virtutis
1153 1163 1226 1227 qnasi
1240 1166 1366 1213 certamen

298 1251 408 1301 efficitur
419 1270 447 1313 »‚
464 1251 498 1299 ob
514 1262 544 1300 ea
557 1262 613 1313 qnae
623 1258 781 1313 sequnntur:
797 1251 865 1301 conl.
878 1248 943 1301 inira
955 1251 969 1315 ᾗ
981 1253 1021 1301 il.
1040 1252 1152 1314 ineptam
1166 1265 1254 1302 rocem
1265 1266 1365 1301 curruca

301 1341 365 1390 dant
376 1339 497 1397 codices;
513 1338 527 1387 J
531 1374 538 1387 .
550 1338 578 1387 F.
591 1339 712 1389 Gronouii
724 1339 897 1401 conjecturam
910 1354 1009 1403 germen
1027 1340 1141 1404 plerique
1153 1340 1267 1391 editores
1283 1340 1366 1390 admi-

299 1435 400 1478 serunt.
412 1454 442 1463 -
455 1426 564 1491 iladvig.
576 1434 603 1477 et
615 1427 801 1491 Wesenberg,
818 1429 912 1492 quibus
927 1429 1084 1493 obsequntus
1102 1438 1142 1480 cst
1154 1430 1258 1488 Baiter„
1275 1429 1366 1493 legen-

299 1519 362 1567 dnm
374 1524 502 1566 censent:
521 1537 531 1559 ι
546 1529 592 1579 per
603 1528 632 1566 se
643 1516 678 1566 sit
688 1521 783 1566 tautum
795 1517 912 1567 inchoata
923 1536 953 1579 u,
971 1530 1016 1581 pro
1025 1518 1142 1569 codicum
1150 1518 1259 1569 lectione
1271 1523 1365 1569 tumen.

302 1605 369 1655 Bake
386 1604 428 1667 (ad
440 1604 493 1655 Cic.
505 1604 538 1654 de
551 1604 629 1667 Legg.
644 1605 664 1666 l,
676 1604 734 1667 Ἧι
754 1626 763 1647 ι
779 1614 806 1655 ut
818 1606 938 1669 progredi
951 1606 1032 1669 possit
1045 1605 1146 1669 longius
1157 1620 1203 1669 per
1215 1619 1258 1669 se,
1272 1607 1365 1657 virtute

297 1694 455 1753 inchoata»;
472 1707 539 1757 aegre
557 1694 625 1744 enim
642 1694 793 1758 intelligitur
810 1709 878 1758 utto,
897 1704 949 1745 tum
968 1695 993 1744 in
1013 1695 1122 1745 lectione
1141 1696 1250 1759 vulgata,
1269 1702 1320 1745 tum
1339 1696 1364 1743 iu

300 1783 414 1844 priorum
432 1781 580 1832 criticorum
596 1782 753 1845 coniectura,
771 1784 933 1847 participium
950 1784 1065 1833 iucbontu
1084 1785 1217 1835 reseratur.
1235 1784 1290 1848 Ego
1304 1798 1364 1834 tero

299 1872 386 1921 malim
398 1872 501 1936 legere:
521 1893 531 1915 ι
545 1873 592 1923 sed
603 1872 648 1930 ita,
661 1879 689 1922 ut
701 1872 722 1921 si
734 1872 854 1936 progredi
867 1872 947 1935 possit
958 1872 1074 1936 longius,
1092 1874 1204 1937 perficiat
1216 1875 1312 1922 tuntum
1324 1872 1364 1922 in-

300 1960 402 2011 choata.
418 1981 427 2002 ·
446 1959 517 2011 (loni.
531 1961 594 2023 §51-

333 2049 394 2108 xvi,
406 2050 418 2112 5
429 2050 470 2099 44.
487 2048 608 2111 Suspicor
627 2049 784 2113 legendum:
803 2051 1019 2115 «sequamurque
1035 2064 1092 2102 eam
1110 2052 1190 2113 olona,
1207 2064 1264 2116 quae
1274 2052 1365 2102 uiribus
1451 2076 1454 2081 ·

300 2139 334 2189 iis
343 2139 518 2203 perdolatum
537 2139 601 2189 liant
616 2139 718 2203 quidam
732 2140 836 2190 codices
847 2141 919 2191 rebus
937 2141 999 2203 bjir,
1016 2141 1059 2192 alii
1073 2140 1230 2206 perfruatur,
1246 2142 1289 2192 alii
1304 2156 1365 2205 per-

300 2228 409 2289 ficiatur.
1218 2281 1221 2288 ,
1390 2295 1393 2300 Ι

331 2314 406 2372 xvii,
418 2314 432 2379 ἓ
443 2315 483 2365 46.
496 2315 670 2366 Sententiam:
689 2337 699 2358 «
714 2316 763 2366 Sed
775 2316 834 2380 qnia
846 2318 969 2381 cuiusque
981 2318 1060 2381 partis
1072 2325 1168 2368 uaturae
1180 2324 1206 2368 et
1216 2318 1243 2367 in
1255 2332 1363 2381 corpore

301 2412 329 2455 et
342 2406 465 2456 inanimo
477 2419 521 2455 sua
533 2419 639 2469 (puraeque
652 2406 690 2454 ris
702 2407 736 2457 sit
750 2428 776 2464 ·,
793 2407 824 2457 de
837 2406 910 2469 cujus
924 2408 1113 2458 constructione
1132 2421 1182 2458 non
1199 2410 1363 2460 consentiunt

274 2531 277 2535 .
302 2495 347 2543 uiri
366 2495 448 2550 docti,
466 2495 533 2558 quod
553 2509 603 2545 nott
623 2496 772 2559 intelligitur·
792 2496 919 2559 utromodo
940 2510 986 2545 vox
1007 2501 1104 2546 uuluroe
1122 2505 1148 2547 et
1166 2497 1272 2547 formula
1289 2512 1360 2549 «sua

300 2598 407 2648 qttaeque
425 2585 463 2633 vis
476 2603 489 2629 u
507 2586 694 2648 conjungantur
710 2599 767 2636 cum
783 2586 900 2649 cuiusque
914 2586 1010 2649 portis,
1031 2598 1062 2635 er
1078 2585 1180 2650 gemina
1199 2588 1326 2638 sententia
1346 2602 1359 2656 a

300 2672 411 2722 librariis
422 2673 589 2735 compositam
602 2672 679 2724 luisse
698 2675 805 2736 opinor;
822 2674 890 2724 uude
907 2682 961 2724 orta
976 2681 1016 2724 est
1033 2674 1158 2725 conlusio.
1176 2676 1292 2725 llaerebat
1303 2678 1362 2726 Tul-

300 2761 348 2811 lius
367 2761 434 2811 inter
447 2762 511 2810 banc
522 2763 656 2811 sementim
668 2762 791 2812 formam:
811 2785 820 2805 ι
835 2764 881 2813 sed
895 2763 952 2826 quia
971 2776 1016 2813 sua
1033 2764 1156 2828 cuiusque
1169 2766 1247 2826 partis
1266 2775 1361 2818 naturae

301 2852 338 2899 ris
350 2851 384 2900 sit
397 2871 425 2908 n,
443 2859 470 2900 et
487 2851 561 2900 istam
581 2851 740 2913 planiorem:
760 2854 828 2902 «sed
847 2853 905 2915 qnia
925 2854 992 2902 etin
1011 2863 1118 2916 corpore
1138 2855 1205 2904 etin
1222 2856 1306 2906 animo
1318 2870 1362 2907 sna

299 2953 406 3002 quaeque
427 2940 464 2989 vis
482 2940 516 2989 sit
528 2958 550 2986 u.
575 2939 727 2989 Alterutrum
751 2940 869 2991 omittere
892 2950 1006 3003 oportet;
1033 2956 1108 2993 servo
1131 2946 1308 3005 posteriorem.
1333 2975 1363 2982 -

299 3027 358 3077 Voc.
372 3042 470 3077 summa
486 3028 555 3091 quod
571 3028 665 3092 legitor
684 3028 710 3076 iu
722 3029 870 3087 codicibus,
887 3037 916 3079 ut
933 3030 990 3080 adv.
1009 3044 1104 3080 surnme
1120 3033 1188 3094 quod
1205 3034 1365 3086 admiserunt

299 3116 422 3177 editores,
434 3117 545 3167 alienum
557 3117 590 3166 ab
602 3118 716 3167 oratione
728 3118 791 3167 mibi
805 3118 913 3177 videtur,
926 3132 973 3169 uec
986 3119 1059 3169 facile
1070 3132 1085 3169 a
1096 3121 1187 3183 quotis
1198 3122 1363 3187 intelligatnr;

298 3213 382 3257 ortum
396 3215 436 3256 est
448 3207 535 3269 procul
547 3207 650 3257 dubioa
665 3221 720 3257 roc.
733 3222 779 3257 suu
791 3205 950 3286 omissut'lfin
960 3209 1044 3271 priore
1055 3209 1192 3271 sententia,
1209 3218 1267 3261 ante
1278 3212 1363 3261 cuius-

298 3309 344 3357 pue
355 3297 444 3357 portia,
463 3303 489 3346 et
500 3295 568 3345 inter
580 3309 669 3346 versus
680 3296 814 3359 scriptun.
826 3323 856 3331 -
869 3298 881 3359 i
893 3299 933 3347 47.
946 3298 1069 3360 llisplicet
1080 3312 1142 3348 usus
1155 3298 1226 3349 verbi
1238 3300 1362 3349 deducun-

299 3388 349 3442 tur,
362 3392 420 3446 post
432 3385 550 3434 ducamus
564 3393 590 3435 et
600 3393 660 3436 ante
672 3386 785 3448 ducatur,
806 3400 889 3451 neque
902 3387 1025 3438 satisfacit
1037 3387 1149 3438 Ernestii
1165 3389 1301 3447 enarratio,
1318 3390 1362 3452 qui
1455 3383 1462 3401 ‘

298 3473 415 3523 conterre
432 3473 505 3537 jubet
522 3474 605 3524 locum
623 3475 732 3536 Horatii,
751 3475 863 3525 «febres
882 3483 977 3539 aegroto
989 3490 1096 3539 corpore
1114 3477 1243 3527 deducere
1256 3491 1284 3537 »3
1302 3478 1360 3540 quia

298 3576 349 3613 non
367 3563 487 3613 conuenit.
504 3577 562 3613 curn
581 3563 613 3612 iis
629 3578 685 3626 quae
701 3578 760 3613 mox
779 3564 914 3628 legunttrr·;
932 3564 1017 3628 itaque
1029 3564 1165 3629 legendum
1180 3566 1361 3616 arbitroriudi·

298 3656 397 3707 cuntur,
414 3666 464 3715 quo
476 3652 531 3713 ipse
543 3651 639 3701 Tullius
651 3652 725 3713 paulo
737 3665 813 3715 supra
830 3666 891 3702 nstts
903 3663 943 3702 est
955 3669 961 3701 :
981 3675 991 3695 ι
1005 3654 1059 3716 ipsa
1072 3661 1159 3704 natura
1171 3654 1298 3705 iudicet».

327 3740 413 3800 livill,
429 3740 490 3804 §tit
504 3741 621 3790 Fortasse
633 3741 771 3802 scripserat
784 3748 888 3791 noster:
903 3743 1027 3792 «voluisse
1040 3744 1140 3794 uidetur
1150 3764 1160 3787 r
1171 3780 1177 3803 ,
1190 3743 1257 3807 quod
1270 3744 1361 3794 melius

298 3831 437 3891 respondet
450 3831 528 3880 uerbo
538 3831 620 3892 duait,
638 3831 664 3879 iu
676 3844 726 3894 quo
738 3831 838 3880 consilii
850 3832 921 3882 notio
934 3832 1004 3883 latet.

330 3919 397 3975 xlx,
413 3921 475 3980 §bu
493 3920 576 3969 blalim
589 3920 691 3983 legere:
714 3927 839 3970 «aetatem
856 3922 882 3970 in
900 3921 993 3972 litteris
1011 3922 1137 3985 degisse»
1156 3936 1230 3986 quarn
1252 3924 1360 3981 docimo,

296 4021 348 4070 quo
360 4008 438 4057 verbo
451 4023 500 4058 non
514 4009 550 4058 uti
561 4010 627 4059 solet
639 4009 728 4059 tliccro
740 4009 766 4058 in
779 4009 827 4059 hoc
840 4023 909 4060 casn.
921 4037 953 4046 —
964 4011 1112 4061 Ciceronem
1123 4012 1259 4074 scripsisse
1274 4013 1362 4076 suspi-

295 4111 356 4146 cort
376 4119 385 4139 l
400 4112 456 4162 qnae
467 4099 508 4160 qui
521 4113 571 4149 oon
585 4100 672 4149 vident
682 4099 828 4162 cognitione
841 4100 931 4162 digna,
951 4099 1012 4149 nibil
1025 4114 1143 4163 umquam
1157 4113 1275 4164 magnum
1291 4115 1360 4153 ama-

297 4192 389 4234 verunt
404 4206 424 4232 n.
443 4185 492 4233 alii
503 4186 552 4234 alia
568 4202 575 4235 z
595 4187 690 4237 lacunae
701 4187 801 4251 signum
822 4188 906 4250 posuit
920 4189 1010 4238 Ralter.
1028 4216 1053 4224 -
1067 4190 1182 4253 Legem:
1201 4190 1359 4240 incommoda

297 4270 380 4321 littura
392 4273 425 4321 sit
440 4293 449 4314 ι
471 4274 539 4335 qnod
552 4274 632 4336 magis
643 4275 751 4337 quadrat
769 4275 800 4325 ad
813 4288 887 4324 usum
899 4276 1050 4325 Tullianum.
1062 4305 1092 4313 —
1104 4278 1118 4343 ᾗ
1129 4278 1170 4327 51.
1190 4278 1275 4328 Monet
1287 4279 1359 4328 Mad-

297 4359 378 4422 vigius
397 4368 510 4410 nostrum
530 4361 644 4412 scribere
661 4363 773 4425 potuisse
793 4364 940 4414 absolvimus
957 4373 1013 4427 post
1031 4366 1158 4425 iuclroutu,
1176 4380 1221 4429 pro
1231 4368 1358 4431 persequi-
