3325 5159
307 547 340 601 lt
558 542 599 598 Dr.
614 554 728 599 rrurous
743 521 880 599 oououuu
895 542 917 612 l,
935 555 1023 613 ru-vr,
1039 544 1115 601 5-ll.

299 681 416 731 retinuit.
429 707 460 716 -
472 679 486 743 5
497 681 521 729 5.
542 680 651 743 Legem:
666 693 761 740 «vere,
774 680 875 742 opinor,
895 681 1005 744 scriptor
1017 689 1128 745 tamem,
1141 696 1196 747 quae
1209 685 1286 734 verba
1298 665 1388 735 Cice-¹

299 768 355 818 roni
367 767 579 830 relinqu03aliter
590 768 674 817 locum
690 768 729 815 vir
740 774 882 817 construas.
895 795 917 804 -
930 768 1027 832 Legere
1040 770 1125 820 malim
1137 772 1205 834 quod
1219 772 1280 821 dant
1292 774 1370 823 codd·

300 860 356 909 ult:
369 860 423 909 «At
443 858 538 908 utinam
559 872 590 908 ne
607 859 632 907 in
652 872 789 920 nemore»,
803 860 840 909 sic
854 859 945 909 melius
957 862 1143 924 argumentatio
1155 862 1326 913 concluditur.
1341 892 1371 899 -

299 950 347 1013 56.
368 949 394 998 Si
413 949 534 1012 loquendi
554 961 626 998 usum
643 956 668 997 et
681 948 805 998 orationis
818 949 1024 1011 perspicuitatem
1037 958 1185 1015 motumque
1196 960 1308 1014 spectes,
1329 954 1370 1003 vix

297 1038 401 1088 dubites
413 1038 531 1087 omittere
546 1036 639 1087 verba:
653 1049 749 1100 «quam
762 1037 867 1101 legendi
878 1046 939 1087 sunt
948 1059 970 1099 r,
983 1051 1039 1101 quar
1052 1040 1139 1101 procul
1152 1039 1231 1089 dubio
1243 1040 1373 1091 debentur

296 1128 397 1177 cuidam
409 1126 584 1190 grammatico.
597 1127 664 1176 ldem
678 1126 818 1177 censebant
834 1128 968 1177 Ernestius
979 1135 1006 1177 et
1017 1142 1108 1178 censor
1120 1130 1236 1180 Heidelb.
1250 1131 1372 1181 Fortasse

299 1225 382 1265 tamen
402 1215 490 1265 Cicero
508 1216 666 1278 scripserat:
685 1234 697 1259 r
710 1216 754 1279 qui
773 1228 823 1265 nou
843 1217 944 1279 legendi
962 1224 1021 1266 sunt
1034 1237 1057 1266 ».
1075 1218 1147 1267 ttoni.
1163 1219 1238 1268 Tusc.
1259 1220 1288 1276 ll,
1300 1221 1325 1268 7.
1339 1248 1370 1256 -

298 1306 359 1355 llihi
375 1318 475 1368 quoque
491 1312 610 1368 suspecta
628 1305 754 1366 videntur,
773 1312 800 1354 ut
817 1306 927 1367 harisio,
940 1305 994 1355 haec
1008 1306 1083 1355 verba
1098 1322 1104 1354 :
1119 1308 1232 1357 «iisdem
1244 1308 1277 1358 de
1291 1308 1371 1359 rebus

297 1394 345 1443 alia
364 1393 462 1443 ratione
480 1394 629 1456 compositis
638 1412 660 1450 u,
673 1406 729 1456 quae
745 1394 837 1443 absunt
850 1407 863 1443 a
877 1395 959 1444 tribus
970 1395 1046 1444 codd.
1060 1395 1138 1457 Spin,
1151 1396 1227 1456 llud,
1243 1396 1320 1445 Paris.
1336 1398 1369 1457 2;

297 1482 360 1532 nihil
381 1482 449 1532 enim
466 1483 525 1532 novi
543 1484 698 1544 exprimunt,
720 1496 767 1533 nec
787 1483 926 1532 Tullianam
946 1484 1098 1546 elegantiam
1116 1482 1371 1549 redolent-Magis

297 1572 417 1621 idoneum
430 1572 513 1621 locum
526 1584 587 1621 sane
600 1572 747 1621 obtinerent
763 1573 785 1621 si
803 1573 953 1635 legerentur
966 1580 1022 1635 post
1034 1572 1127 1621 verba:
1152 1586 1187 1623 ra
1208 1574 1304 1623 uostris
1317 1588 1369 1625 uon

299 1660 416 1723 legantur
429 1682 439 1701 »
453 1666 562 1723 quatuor
574 1673 664 1710 versus
676 1661 729 1724 qui,
742 1662 821 1710 invito
834 1662 967 1717 Cicerone,
979 1662 1079 1723 opinor,
1092 1663 1199 1725 quadam
1213 1662 1371 1726 negligentia

299 1750 390 1799 inserti
409 1757 469 1799 sunt
481 1750 508 1813 (5
520 1750 551 1811 8)
570 1750 637 1799 inter
656 1764 732 1800 voces
748 1751 836 1799 misisti
847 1758 873 1800 et
885 1765 924 1799 res
936 1765 1002 1807 vero,
1016 1752 1059 1800 uhi
1073 1752 1195 1801 orationis
1208 1753 1301 1801 seriem
1315 1761 1371 1801 tur-

301 1840 371 1889 bant.
1053 1887 1060 1899 ,

331 1928 423 1992 lll,57.
438 1928 556 1977 Fortasse
569 1927 715 1989 legendum,
730 1934 757 1976 ut
768 1928 870 1990 gemina
885 1928 978 1977 vitetur
989 1927 1118 1978 conditio:
1133 1946 1144 1971 u
1161 1926 1315 1990 Quamquam
1328 1930 1372 1991 qui

299 2020 373 2083 plane
391 2019 429 2068 sic
451 2025 587 2075 verterem,
600 2025 673 2067 etc.»
686 2046 715 2053 -
728 2018 741 2081 5
753 2020 777 2067 8.
790 2017 853 2068 Vide
866 2024 951 2067 notam
963 2018 994 2066 ad
1008 2017 1058 2081 56.
1071 2045 1102 2054 -
1111 2018 1370 2079 interpretamentum

297 2107 415 2157 adverbii
425 2110 513 2156 ornate
525 2106 600 2155 video
612 2106 637 2154 iu
649 2104 807 2167 periphrasi:
822 2124 834 2147 α
850 2106 935 2153 verbis
946 2104 1036 2154 electis
1046 2123 1069 2165 o,
1078 2105 1146 2168 quod
1159 2105 1276 2167 proditur
1293 2105 1371 2154 etiam

300 2199 421 2261 particula
438 2212 485 2262 que
501 2198 526 2246 in
548 2198 624 2247 tertio
643 2198 698 2246 loco
718 2197 808 2259 posita.
822 2224 848 2232 —
864 2196 915 2260 59.
928 2197 1023 2259 Opinon
1035 2197 1188 2260 legendum:
1202 2210 1300 2260 «quem
1311 2197 1370 2260 qui-

249 2319 251 2322 -
298 2287 357 2336 dem
375 2286 451 2334 multa
469 2299 527 2334 cum
545 2291 677 2335 venustate
693 2292 719 2334 et
738 2284 807 2334 omni
825 2284 879 2334 sale
892 2284 959 2334 idem
972 2285 1040 2336 ridet
1058 2281 1199 2334 Lucilius».
1212 2284 1369 2334 Vocabulum

298 2376 378 2424 locum
389 2388 435 2424 seu
451 2376 532 2424 iocum
544 2374 880 2438 debeturlihrarlisquinon
898 2375 1019 2425 videbant
1036 2389 1087 2439 quo
1108 2375 1268 2426 referebatur
1280 2389 1368 2438 qucum

299 2463 336 2511 sic
355 2470 424 2525 putat
442 2463 567 2524 Davisius,
586 2463 629 2526 qui
641 2464 742 2525 supplet
754 2464 827 2519 lunit;
841 2476 890 2524 ego
903 2476 963 2512 vero
976 2463 1063 2524 recepi
1075 2463 1201 2526 insignem
1213 2462 1310 2513 codicis
1320 2463 1369 2512 Ur-

298 2552 347 2600 sini
360 2552 495 2602 leotionem
507 2551 579 2612 ridet,
592 2564 668 2614 quam
679 2550 809 2600 absorbsit
820 2552 895 2600 idem.
904 2550 952 2615 —5
966 2552 1003 2602 th.
1017 2552 1122 2615 begam,
1135 2559 1239 2601 auclore
1253 2551 1368 2601 harisio:

299 2660 311 2685 a
322 2649 350 2691 ut
362 2641 437 2704 vulgo
450 2645 538 2702 putant
552 2660 574 2701 r,
586 2641 654 2703 quod
668 2640 775 2690 incisum
787 2654 838 2690 non
852 2640 962 2702 pertinet
974 2642 1004 2690 ad
1018 2642 1160 2691 orationem
1172 2640 1311 2704 obliquam,
1324 2641 1370 2690 sed

299 2722 449 2795 παρενθετῶς
460 2729 564 2779 dicitur.

332 2817 371 2866 lv.
385 2816 503 2865 Nonnihil
516 2816 680 2881 negligentiae
692 2817 803 2880 produnt
815 2817 891 2867 toties
902 2817 968 2866 iutra
980 2830 1074 2880 paucos
1091 2829 1180 2866 versus
1192 2823 1311 2879 usurpata
1324 2830 1370 2865 ea-

299 2908 358 2957 dem
378 2905 416 2955 vel
436 2913 543 2968 cognata
556 2906 677 2956 vocabula
690 2906 820 2965 laboribus,
834 2907 970 2968 elaborare,
984 2906 1083 2962 laborm
1095 2905 1185 2969 operis,
1197 2919 1281 2969 opero,
1300 2909 1368 2954 tanto

299 3010 381 3059 opere,
400 3010 490 3059 magno
508 3011 595 3061 operm
608 2997 715 3047 lortasse
734 2996 880 3047 scholiastis
900 2997 1027 3047 debentur
1043 3010 1118 3060 opero
1136 3003 1162 3045 et
1179 2995 1260 3044 labore
1271 3001 1330 3045 ante
1343 3004 1369 3046 et

301 3092 359 3147 post
370 3085 459 3134 studio.

331 3173 359 3232 V,
373 3172 387 3236 5
403 3175 438 3223 lt.
462 3175 516 3223 Non
532 3187 626 3238 sequar
644 3175 797 3237 Madvigium
810 3175 990 3240 Baiterumque
1003 3175 1129 3238 legentes,
1142 3188 1200 3225 cum
1213 3175 1289 3224 codd.
1306 3177 1326 3224 Α
1340 3175 1368 3234 Β,

299 3281 313 3306 a
326 3274 384 3311 nam
396 3262 459 3312 illud
470 3262 572 3326 quidem
584 3263 677 3312 adduci
690 3263 729 3311 rix
744 3275 846 3325 possum
862 3283 871 3305 »
883 3277 889 3323 ;
903 3263 980 3313 lectio
992 3262 1092 3327 vulgata
1104 3263 1163 3313 illuc
1175 3263 1256 3327 magis
1269 3262 1367 3324 placet;

299 3364 347 3400 uec
359 3350 465 3399 multum
478 3350 517 3398 his
530 3351 555 3399 in
568 3350 672 3399 minutis
684 3351 801 3401 codicum
818 3350 885 3401 valet
896 3352 1043 3401 auctoritas

331 3438 372 3499 lll,
381 3437 395 3501 5
404 3439 440 3487 tl.
450 3438 571 3496 Matthiae,
578 3438 671 3499 Bremi,
679 3439 819 3501 Wopkens,
828 3440 909 3501 lland,
919 3440 1029 3503 Madvig,
1040 3440 1130 3498 Baiter,
1137 3448 1186 3490 etc.
1196 3446 1299 3489 servant
1307 3451 1363 3488 voc.

298 3526 424 3589 primum,
444 3527 560 3589 quamvis
578 3527 722 3577 monuerint
734 3527 816 3576 bavis.
835 3534 861 3577 et
874 3528 976 3578 Ernesti
988 3528 1050 3578 satis
1061 3540 1119 3578 esse
1131 3528 1219 3592 legere
1232 3527 1364 3591 principio.

303 3617 464 3681 Responsum
476 3623 515 3666 est
525 3616 648 3680 principio
660 3616 750 3666 referri
762 3617 794 3666 ad
806 3616 870 3681 5⁰22,
881 3617 924 3666 ubi
936 3618 1030 3681 legitur
1039 3633 1045 3666 :
1055 3638 1067 3662 a
1076 3619 1102 3668 iu
1112 3597 1191 3668 altera
1200 3616 1365 3679 philosophiae

302 3718 374 3775 parte
383 3724 412 3769 r;
425 3722 484 3758 voc.
498 3707 609 3770 primum
621 3718 681 3755 vero
693 3705 784 3755 reterri
796 3707 828 3756 ad
841 3705 903 3771 5l8,
912 3707 957 3756 ubi
968 3707 1077 3771 legitur:
1087 3727 1099 3752 «
1113 3708 1239 3770 Epicurus
1250 3712 1335 3755 autem
1345 3724 1367 3765 v,

301 3800 352 3850 etsi
364 3799 496 3850 omittatur
514 3795 600 3844 deinde
619 3795 686 3857 quod
703 3805 808 3857 apparet
820 3796 834 3859 5
849 3796 889 3844 lu.
905 3796 995 3845 Cicero
1007 3796 1092 3859 itaque
1104 3796 1240 3857 dupliciter
1253 3793 1368 3857 arguitur

301 3887 480 3952 negligentiae:
498 3899 549 3935 uno
567 3885 643 3935 modo
660 3885 718 3947 quia
738 3884 791 3934 lere
807 3885 878 3948 juxta
896 3886 982 3948 posuit
996 3885 1118 3949 principio
1130 3891 1156 3935 et
1165 3884 1286 3948 primum,
1300 3883 1368 3945 quod

302 3983 378 4027 nocet
389 3974 563 4037 perspicuitati
576 3981 602 4023 et
614 3973 761 4035 elegantioe3
774 3972 865 4032 altero,
878 3974 936 4036 quia
949 3974 1034 4024 omisit
1042 3973 1137 4034 detrude,
1146 3972 1214 4035 quod
1225 3971 1370 4035 requirebat

302 4066 484 4116 sententiarum
504 4064 576 4114 ordo.
602 4064 628 4112 Si
650 4063 699 4112 suh
725 4061 805 4111 oculis
826 4062 909 4124 ipsum
934 4062 1063 4111 Ciceronis
1086 4060 1238 4137 αὐτόγραφον
1259 4060 1368 4123 positum

301 4161 379 4215 esset,
392 4152 546 4216 negligentia
560 4157 673 4214 pateret,
685 4152 731 4201 sed
744 4152 884 4201 verendum
897 4163 929 4199 ne
941 4148 1063 4211 majorem
1075 4149 1198 4200 adhibeas
1207 4149 1282 4199 iidem
1291 4147 1368 4196 libra-

303 4242 348 4292 riis
359 4242 455 4306 ignaris
468 4254 606 4305 parumque
623 4240 730 4302 sedulis,
742 4253 818 4303 quam
830 4240 862 4289 iis
874 4239 918 4302 qui
929 4238 1031 4301 longam
1042 4251 1099 4288 cum
1118 4238 1244 4301 scriptore
1256 4249 1370 4286 consue-

303 4331 418 4381 tudinem
435 4343 464 4380 ac
484 4329 681 4379 familiaritatem
698 4329 843 4387 coluerunt,
855 4334 882 4376 et
894 4326 931 4375 slc
944 4334 1079 4377 evanescat
1090 4339 1132 4376 ars
1143 4325 1240 4398 critica,
1254 4324 1328 4388 cujus
1340 4324 1367 4373 in
