3325 5159
301 667 352 728 130
594 668 807 738 Duosrrousi,
827 678 964 739 xiv-arn,
981 667 1078 727 tt-ot.

299 812 407 868 constat,
420 805 477 869 quia
488 805 612 855 tumultis
623 803 698 856 codd.
710 803 820 856 omissus
831 812 879 855 est.
892 801 1132 856 verisimiliorem
1146 803 1179 854 ali
1196 804 1281 868 atiquo
1298 816 1359 855 aru-

299 896 353 946 dito
364 895 461 945 lectore
473 895 498 943 in
510 892 628 958 margine·
636 894 746 957 scriptus
758 901 798 945 est
809 893 844 944 ob
855 895 999 958 argumenti
1017 892 1218 951 similitudinem,
1237 901 1266 943 ut
1285 905 1362 955 supra

300 984 354 1046 §36
366 984 438 1033 iocus·
449 985 480 1032 de
491 982 599 1045 Popilio,
612 988 655 1032 aut
663 979 772 1032 tortasse
779 982 811 1032 ab
819 983 875 1046 ipsu
883 982 964 1033 lollio
971 983 996 1031 iu
1004 982 1090 1045 priore
1096 982 1181 1044 operia
1188 981 1362 1044 descriptione

299 1071 439 1133 subiectus,
456 1078 542 1133 postea
554 1072 654 1120 deletus
667 1070 707 1119 esi
718 1083 762 1119 sen
776 1071 918 1134 neglectus,
934 1083 993 1120 cum
1010 1071 1074 1120 hanc
1091 1070 1221 1120 materiam
1238 1068 1320 1119 lusiua
1336 1069 1361 1117 in

299 1161 365 1210 libro
379 1160 408 1209 lii
422 1161 590 1210 tractavisset.
603 1185 632 1198 —
644 1162 778 1221 Ceterum,
791 1174 837 1223 pro
862 1180 872 1203 ι
886 1159 985 1224 culpam
1003 1163 1130 1210 mouerat
1142 1177 1165 1220 ι,
1186 1159 1277 1221 opinor
1295 1159 1366 1207 scrin,

300 1249 411 1300 bendum
422 1250 557 1307 invexerat,
570 1249 625 1298 seii.
639 1249 755 1298 ,annibali
764 1248 858 1310 justam
870 1250 1015 1313 inculpandi
1027 1262 1131 1299 causam
1140 1249 1291 1312 praebuerat.
1305 1248 1363 1297 liel-

290 1339 347 1389 ler.
360 1338 426 1400 conj.
440 1338 564 1395 terriuerut,
576 1339 666 1387 Baiter.
676 1339 810 1387 minuerat.
818 1366 849 1375 —
861 1339 873 1400 fi
885 1340 924 1388 tt.
938 1340 1033 1389 Nomen
1041 1339 1290 1400 iniustittoesparium
1298 1336 1361 1386 milri

300 1428 415 1487 uidetur;
428 1427 512 1489 potius
523 1427 593 1476 euim
604 1441 635 1476 ex
648 1427 680 1476 iis
691 1440 747 1491 qnae
758 1427 927 1491 snbjiciuntur
935 1428 1031 1489 fraudis
1038 1426 1280 1491 intelligendumest
1286 1438 1361 1491 quam

298 1517 434 1565 iniustitiae.
448 1516 542 1579 Legem
555 1532 562 1563 ε
576 1533 590 1560 a
602 1516 689 1567 Totius
700 1523 785 1566 autem
796 1517 907 1575 molitio,
922 1524 972 1566 etc.
988 1536 1008 1564 r.
1017 1544 1048 1552 -
1060 1517 1184 1566 incisum:
1197 1534 1210 1560 i
1219 1516 1251 1565 de
1263 1516 1361 1566 iustitia

299 1606 361 1655 satia
373 1606 467 1657 dietum
482 1626 492 1647 ι
507 1618 608 1655 manum
620 1606 763 1655 scholiastae
775 1605 890 1660 redolet:
903 1606 1017 1655 nonnihil
1031 1604 1137 1656 offendit
1148 1605 1267 1668 quoniam
1288 1606 1364 1667 paulo

299 1702 357 1744 aute
369 1693 481 1758 legitur:
497 1712 510 1739 ι
522 1707 553 1743 ac
564 1696 596 1745 de
609 1694 712 1745 bellicis·
719 1695 822 1759 quidem
836 1694 925 1745 officiis
937 1695 998 1745 satis
1015 1695 1111 1745 dictum
1130 1702 1170 1744 est
1190 1713 1212 1755 »·,
1231 1701 1258 1744 et
1276 1695 1363 1745 denuo

299 1783 373 1845 paulo
385 1782 448 1833 inira
461 1783 493 1833 dc
504 1782 601 1844 justitia
613 1783 705 1846 agitur.
714 1783 992 1842 Codicesdissentiuui,
1000 1782 1043 1832 alii
1051 1782 1146 1833 habent
1160 1783 1247 1833 «uode
1255 1782 1361 1843 institia,

298 1878 349 1920 ete.
360 1870 437 1933 »,·alii
448 1871 544 1922 addunt
556 1875 592 1920 eat
603 1873 661 1934 post
669 1872 769 1920 dictam.

329 1960 392 2017 xiv,
404 1961 416 2022 ᾗ
427 1960 465 2009 13.
485 1960 568 2010 Facile
580 1973 679 2011 caream
692 1961 739 2009 hac
751 1961 892 2010 sententia:
907 1960 1064 2012 «ridendam
1077 1968 1116 2011 est
1126 1961 1204 2024 igitur
1215 1967 1243 2010 ut
1254 1971 1285 2010 aa
1297 1960 1364 2011 lilto-

298 2048 397 2099 ralitate
410 2057 518 2111 ommni,
530 2062 586 2114 qum
605 2046 685 2113 prosit
703 2051 799 2112 amicis,
820 2053 913 2101 noceat
930 2052 1061 2113 numini»,
1079 2052 1171 2115 inqua
1190 2051 1253 2101 mihi
1272 2051 1362 2102 videor

298 2150 387 2187 eorum
399 2139 528 2200 epitomen
541 2139 627 2203 legere
638 2152 695 2203 quae
706 2140 780 2203 paulo
792 2132 883 2203 supra·
893 2141 955 2203 111,
969 2142 1144 2190 enunciantur.
1164 2141 1288 2191 Praeterea
1305 2140 1365 2191 uias

297 2226 457 2290 iungitque,
470 2228 511 2276 iila
528 2228 631 2288 omissa,
650 2228 741 2278 melios
760 2240 789 2279 ac
808 2228 907 2279 facilius
924 2233 1097 2279 necterentni.
1108 2253 1138 2266 -
1153 2228 1216 2292 511.
1230 2229 1340 2279 incisum
1355 2245 1361 2277 ε

301 2337 310 2358 ι
326 2322 353 2365 ut
364 2315 473 2365 beueilci
487 2317 619 2366 rideantur
632 2335 644 2360 r
657 2316 749 2366 trustra
762 2324 788 2366 et
806 2317 965 2381 ineleganter
981 2318 1121 2369 orationem
1140 2319 1242 2376 tardat;
1262 2318 1363 2368 uidetur

299 2417 356 2455 esse
368 2405 494 2468 glossema
509 2406 578 2455 vocis
589 2406 756 2455 attentatione.
772 2406 906 2458 Videuatur
916 2407 1009 2471 iegitur
1022 2419 1097 2457 versu
1110 2408 1234 2470 proximo.

279 2564 281 2568 Α
329 2495 381 2552 XV,
394 2496 406 2557 ᾖ
418 2495 458 2544 tn.
476 2495 574 2558 Legere
587 2496 662 2545 velim
676 2511 682 2543 ι
696 2513 708 2540 a
723 2496 793 2545 multi
805 2497 873 2546 euim
886 2497 962 2547 multa
975 2497 1078 2558 iaciunt,
1093 2491 1360 2559 temeritateqnadam,

297 2583 458 2633 siueiudicio
470 2590 497 2633 et
509 2584 594 2645 modo,
608 2584 647 2633 vel
660 2584 794 2646 repentino
805 2585 924 2647 quodam,
938 2586 1010 2649 quasi
1022 2592 1107 2648 tentu‚·
1121 2585 1215 2647 impetu
1228 2586 1306 2635 animi
1318 2585 1364 2635 ln-‘

298 2673 368 2722 citati
383 2692 404 2720 ·.
424 2672 465 2721 Sic
484 2671 615 2735 sejungam
633 2672 738 2722 muttua
756 2667 818 2723 voce
839 2674 991 2733 temeritate;
1012 2680 1107 2723 mutem
1126 2674 1210 2723 morto
1227 2674 1304 2736 quod·
1318 2674 1361 2725 iric

298 2773 365 2823 aegre
378 2760 537 2823 intelligitur,
551 2760 576 2808 in
588 2761 677 2817 mdo:
690 2775 734 2822 pro
747 2762 793 2819 vel,
806 2764 873 2824 quod
886 2769 968 2811 ortum
982 2770 1059 2813 estex
1068 2763 1184 2827 sequenti
1192 2764 1231 2812 oct
1237 2769 1264 2813 et
1271 2776 1359 2814 errore

301 2847 417 2897 iectionis
429 2849 523 2906 morio·
534 2849 643 2899 scribam
656 2853 678 2899 et
686 2869 694 2906 ,·
708 2849 817 2913 denique
830 2850 947 2900 omittam·
958 2871 968 2894 a
978 2851 1003 2899 iu
1016 2863 1125 2901 omnes»
1139 2849 1276 2915 quodmilti
1285 2852 1359 2902 ride-

301 2943 341 2986 tur
352 2937 478 3000 glossema
491 2937 626 2988 reuborum
640 2955 652 2982 ι
665 2938 721 2988 siue
737 2938 830 2988 iudicio
845 2958 866 2987 r.
887 2939 1002 3002 Optimus
1018 2942 1098 2991 codex
1117 2954 1131 2990 e
1150 2941 1244 2991 omittit
1262 2942 1357 2991 rerba:

300 3046 311 3068 u
326 3026 363 3075 rel
377 3026 467 3081 morbo
478 3027 503 3076 in
516 3035 605 3077 omnes
619 3027 733 3087 »;codd.
749 3028 817 3090 sulp
830 3028 926 3079 liabent
937 3020 1008 3078 modo
1021 3043 1066 3092 pro
1083 3028 1182 3079 mortu*

330 3115 392 3173 llll,
405 3116 468 3179 551.
486 3116 568 3166 Verba
581 3134 594 3161 a
607 3130 621 3167 e
634 3116 727 3180 quibus
738 3117 800 3180 ipsis
814 3136 836 3175 r,
850 3125 907 3180 post
921 3138 931 3160 ‹
946 3120 1020 3168 utsii
1037 3119 1201 3169 constitutum
1216 3138 1237 3175 r,
1255 3118 1360 3169 Fascio?

299 3207 348 3256 lato
360 3205 452 3256 merito
463 3206 720 3269 spuriauidebantur.
734 3206 883 3257 Gulielmius
896 3208 955 3257 velit
969 3207 1094 3271 «legibus
1108 3207 1169 3270 ipsis
1180 3228 1201 3268 r,
1214 3217 1291 3271 quarti
1301 3193 1359 3260 cor'·

298 3297 448 3357 rectionem,
460 3299 564 3345 auctore
576 3296 712 3360 Madvigio‚
725 3297 841 3346 Baiterus
852 3296 962 3346 admisit.
976 3296 1100 3360 Equidem
1112 3297 1195 3345 malim
1208 3316 1221 3342 a
1234 3309 1248 3345 a
1261 3298 1363 3347 ciuibus·

298 3386 360 3448 ipsis
375 3405 395 3443 »,
408 3392 435 3435 et
447 3376 529 3449 legam
541 3388 566 3434 ot
580 3397 626 3448 pro
637 3391 673 3444 ut,
685 3392 743 3448 post
759 3386 931 3434 commonitus:
943 3410 974 3422 ·-
987 3386 1072 3436 lididit
1090 3387 1204 3435 Baiterus
1222 3406 1233 3429 ι
1246 3387 1358 3436 omnium

298 3482 382 3524 autem
394 3475 536 3524 communia
553 3474 692 3533 homiuum,
712 3481 788 3525 etc.»
807 3475 1019 3537 quemadmodum
1040 3474 1177 3538 legendum
1195 3487 1252 3525 esse
1271 3484 1360 3527 cettset

299 3562 378 3613 Lnnd.
392 3563 507 3625 Zumptio
520 3576 581 3613 uero
593 3563 723 3612 lominum
734 3564 835 3613 videtur
843 3563 979 3613 abundate.
989 3590 1019 3599 —
1031 3564 1043 3626 ᾗ
1055 3564 1097 3613 52·
1107 3564 1188 3613 Verba
1201 3564 1304 3614 euilrilo
1312 3566 1358 3614 mi·

299 3666 347 3703 uus
359 3654 407 3716 ipsi
419 3653 486 3703 lueet
499 3672 512 3699 a
524 3639 712 3703 mihirideutur
723 3652 864 3703 subdititia.

329 3740 403 3803 liVll,
418 3741 479 3804 §54-
497 3741 619 3791 Desidero
632 3753 703 3803 prou.
721 3739 768 3799 cui,
785 3741 853 3803 quod
872 3740 965 3805 legitur
984 3740 1014 3790 in‘
1029 3741 1178 3805 quibusdam
1195 3742 1281 3802 codd,
1300 3750 1359 3793 ante

301 3853 310 3873 .
323 3830 561 3880 communiaomni'a
576 3849 597 3891 ι,
612 3836 668 3892 post
682 3842 751 3879 «una
763 3830 854 3880 domus
863 3846 884 3877 r.
899 3830 1016 3880 Fortasse
1028 3830 1123 3880 Tullius
1135 3830 1272 3893 scripserat
1283 3832 1356 3890 ande,

299 3933 345 3982 pru
358 3942 368 3963 ι
382 3908 472 3969 deinde
481 3931 530 3968 uua
541 3920 633 3969 domos
646 3936 667 3967 r.
681 3945 711 3955 -
723 3918 891 3980 Fasciculus,
903 3918 1055 3977 Gerulum„
1068 3919 1169 3968 Scitiitz.
1188 3919 1283 3969 alienas
1301 3932 1364 3970 esse-

297 4021 311 4056 a
324 4008 454 4058 Ciceronis
465 4008 579 4059 oratione
590 4014 698 4058 censent
709 4007 755 4057 iras
765 4008 830 4058 duas
841 4008 995 4058 sententias:
1010 4026 1021 4049 u
1031 4007 1057 4058 ld
1069 4015 1154 4057 autem
1162 4015 1202 4058 est
1209 4008 1359 4071 principium

299 4097 369 4155 trabis
380 4105 406 4147 et
418 4098 490 4161 quasi
502 4098 666 4148 seminarium
678 4097 855 4160 reipublicae»,
869 4104 895 4147 et
909 4109 984 4161 «quae
997 4096 1143 4160 propagatio
1155 4104 1180 4147 et
1191 4096 1296 4147 suboles
1305 4098 1359 4148 ori-

297 4199 330 4247 go
342 4193 382 4235 est
393 4199 479 4235 rerum
492 4186 648 4249 publicarum
662 4206 683 4233 r.
709 4186 766 4236 illas
784 4194 888 4236 tuentur
906 4187 1067 4236 ileumaunus
1087 4194 1112 4235 et
1134 4187 1247 4245 Beierus
1266 4186 1359 4249 qttibns

298 4276 458 4339 obsequutus
469 4284 509 4326 est
520 4276 637 4326 Opellius.
651 4278 728 4326 iacet
741 4277 864 4326 Baiterus
877 4275 938 4325 liilri
950 4288 1011 4327 tero
1022 4276 1142 4326 alterutra
1162 4276 1261 4326 videtur
1277 4275 1358 4326 abun·

299 4365 370 4427 dare,
383 4378 431 4415 nee
444 4374 529 4428 putem
541 4367 649 4416 lollium
662 4366 799 4417 discrimen
811 4365 904 4417 lenisse
915 4366 1031 4416 interret
1040 4362 1178 4429 pdolicoeet
1186 4366 1357 4429 rerumpubli-

300 4467 393 4515 carum,
408 4456 474 4506 iuter
487 4456 555 4519 oripo
566 4463 593 4507 et
603 4456 783 4513 teminortomr
795 4457 880 4520 itaque
901 4456 1068 4519 posteriorem
1077 4456 1238 4507 *aeutemiatn
1259 4456 1357 4506 deleam
