3325 5159
315 517 332 573 B
530 511 764 581 homuurooeuu
780 536 911 581 retonuit
925 525 960 595 ll,
974 538 1057 594 vr-xr,
1075 527 1167 583 16-3t.

311 657 405 707 sehat:
427 659 636 721 «perfectissima
660 662 794 725 disciplina
808 678 835 722 »;
857 663 920 713 mihi
948 663 1057 725 primum
1080 665 1106 713 in
1125 670 1238 714 mentem
1251 674 1376 715 venerat:

314 746 497 809 «periectasua
508 749 642 812 disciplina
653 772 674 808 »,
682 753 748 813 quod
762 752 875 801 nondum
887 752 1074 813 satisfaciebat3
1087 754 1181 803 deinde
1193 753 1376 816 conjiciebam:

312 843 497 898 persequentes
508 851 580 888 suam
596 839 765 901 disciplinam,
786 847 815 890 ut
834 840 929 904 legitur
947 842 1026 892 Acad.
1044 849 1109 904 post.
1124 842 1143 901 l,
1156 842 1186 904 B,
1200 844 1224 891 7.
1247 864 1256 884 ι
1278 842 1377 893 sivero

311 924 472 974 Academiam
485 932 597 975 veterem
610 939 793 990 persequamur
803 942 830 988 »;
844 936 989 991 postremo,
1011 936 1039 979 ut
1050 930 1146 979 arctius
1157 930 1274 980 codicum
1288 931 1377 980 lectio-

312 1025 370 1062 nem
389 1013 589 1077 complecterer,
614 1015 750 1078 legendum
775 1029 834 1066 esse
861 1018 970 1067 censui:
1000 1016 1185 1080 «perfecturos
1203 1031 1275 1068 suani
1298 1018 1376 1068 disci-

312 1103 443 1164 plinam,»
464 1104 533 1166 quod
552 1104 616 1153 mihi
634 1104 766 1154 Ciceronis
788 1113 901 1155 mentem
924 1097 1068 1168 exprimere
1088 1106 1210 1156 videtur:
1231 1107 1376 1157 Academici

308 1189 392 1251 enim,
410 1190 582 1253 Peripatetici,
595 1191 674 1242 Stoici
690 1193 801 1243 Platonis
813 1193 1000 1256 philosophiam
1012 1206 1171 1258 nequaquam
1182 1194 1375 1255 imminuerunt,

310 1284 336 1326 at
347 1278 519 1340 perfecerunt.
533 1280 646 1331 Halmius
658 1287 734 1331 tacet.

339 1369 380 1431 Vl,
394 1370 406 1431 ξ
419 1370 457 1419 16.
475 1370 539 1420 Dant
550 1372 654 1421 codices
666 1376 758 1429 cetero,
776 1379 835 1435 post
856 1393 865 1413 ι
880 1373 926 1423 sed
942 1373 1037 1423 l'uerint
1053 1374 1096 1423 illa
1110 1392 1133 1436 v,
1146 1387 1192 1437 pro
1208 1387 1258 1437 quo
1271 1373 1375 1435 Bentley

308 1458 445 1520 legendum
456 1471 514 1508 esse
526 1460 627 1510 censuit
638 1460 773 1519 veteribus,
785 1462 853 1523 quod
866 1460 980 1512 editores
992 1462 1165 1523 admiserunt;
1178 1462 1241 1511 mihi
1254 1475 1314 1511 vero
1331 1475 1373 1510 ve-

309 1550 362 1595 tera
374 1547 475 1598 videtur
486 1546 741 1610 interpretamentum
755 1562 827 1612 pron.
841 1549 894 1607 illo,
908 1550 993 1613 itaque
1005 1550 1105 1600 deleam
1122 1531 1168 1600 seu
1181 1554 1264 1599 cetera
1276 1562 1321 1599 seu
1334 1563 1376 1598 oe-

308 1635 409 1684 teribas.
423 1664 453 1671 —
465 1637 556 1687 Melius
568 1637 663 1701 dialogi
675 1645 771 1688 motum
784 1638 882 1688 reierre
894 1640 977 1702 iisque
990 1640 1148 1702 respondere
1163 1652 1219 1703 quae
1234 1646 1376 1702 sequuntur

279 1776 283 1780 ,
309 1723 417 1773 Bentleii
428 1725 531 1789 legendi
544 1726 607 1775 ratio
620 1727 682 1776 mihi
701 1727 816 1789 videtur,
833 1729 877 1790 qui
896 1728 1105 1791 interrogationis
1124 1728 1225 1792 signum
1242 1736 1301 1791 post
1318 1741 1374 1777 voc.

308 1816 391 1861 cctam
407 1813 488 1875 ponit,
502 1821 528 1863 et
544 1816 609 1878 quod
621 1814 647 1863 in
663 1819 722 1879 quot
737 1822 828 1877 mutat,
849 1829 924 1879 quam
941 1816 1019 1867 lectio
1035 1829 1049 1865 a
1066 1817 1194 1879 Madvigio
1207 1817 1332 1867 vindicata
1349 1824 1376 1866 et

307 1902 340 1951 ab
352 1902 449 1951 llalmio
464 1909 579 1965 accepta.
592 1904 695 1953 Etenim
706 1904 916 1967 philosophorum
929 1904 1013 1966 potius
1027 1904 1231 1965 multitudinem,
1248 1917 1323 1968 quam
1335 1905 1375 1952 in-

309 1992 504 2054 vestigationum
524 1993 657 2043 veritatem
675 2000 701 2042 et
719 1992 829 2044 fructum
843 1993 940 2043 Tullius
949 1992 1038 2055 iactat.
1051 2020 1080 2029 -
1093 1993 1105 2055 ἓ
1117 1995 1156 2042 t7.
1169 1992 1253 2041 idalirn
1265 1992 1352 2055 legere
1366 2008 1372 2040 :

306 2082 450 2130 «enimvero
461 2094 519 2131 esse
532 2082 625 2130 nullam
637 2082 761 2132 rationem
778 2083 926 2144 disputare»
941 2096 987 2144 pro
995 2101 1007 2125 α
1020 2095 1068 2131 nec
1081 2095 1141 2131 vero
1153 2094 1211 2132 esse
1223 2082 1299 2131 ullam
1312 2089 1371 2143 rat,

306 2177 356 2219 etc.
371 2190 381 2212 ι
395 2170 437 2219 Sic
448 2170 549 2232 melius,
559 2170 660 2232 opinor,
673 2170 806 2220 sententiae
818 2170 956 2220 coherent.
969 2170 1049 2220 Godd.
1061 2169 1226 2220 dissentiunt.

336 2259 392 2318 Vll,
410 2261 421 2321 ᾗ
444 2260 483 2310 ao.
501 2260 652 2322 Suspectum
665 2259 765 2309 harisio
784 2258 946 2308 membrum:
963 2280 973 2301 «
990 2266 1018 2308 ut
1029 2256 1097 2308 oculi
1116 2258 1214 2319 pictura
1227 2264 1371 2317 teneantur,

305 2361 381 2398 aures
391 2348 527 2398 cantibus»
541 2349 614 2399 uncis
626 2348 728 2397 inclusit
735 2347 857 2397 Halmius.
871 2347 949 2407 Quam
962 2347 1040 2396 multa
1052 2361 1102 2397 non
1111 2347 1283 2396 minusaliena
1295 2347 1372 2396 etiam

306 2450 372 2486 nunc
384 2437 503 2501 religiose
514 2443 658 2495 servantur,
671 2436 727 2486 sine
740 2436 791 2487 ullo
803 2436 957 2498 suspicionis
969 2435 1058 2499 signo!
1073 2462 1103 2471 -
1112 2435 1271 2497 adjectivum
1287 2434 1372 2484 vitioso

306 2526 330 2574 h.
352 2526 369 2574 l.
383 2526 439 2575 sine
451 2525 530 2575 dubio
546 2526 661 2588 spurium
673 2532 722 2576 est.
735 2526 837 2575 Schirtz.
848 2525 910 2574 velit
922 2525 1040 2583 obtusior,
1054 2525 1145 2574 Baiter.
1154 2524 1239 2585 vilior3
1252 2524 1372 2588 equidem

305 2616 381 2665 otioso
388 2616 537 2665 Ciceronem
544 2616 679 2678 scripsisse
687 2613 909 2677 suspicet-§aa
918 2613 1032 2662 Waller.
1041 2612 1179 2677 legendum
1187 2625 1246 2662 esse
1254 2612 1370 2675 putabat:

306 2723 318 2749 «ι
331 2718 394 2769 quas
412 2704 437 2754 si
450 2703 609 2753 subtraxeris
623 2718 650 2763 »3
668 2703 710 2753 cui
726 2703 878 2753 contradicit
889 2702 999 2766 Madvig.
1012 2701 1056 2766 qui
1067 2702 1223 2765 singularem
1235 2716 1310 2766 quom
1321 2702 1372 2752 dici

305 2794 433 2843 existimat
444 2793 476 2842 de
489 2804 537 2841 una
550 2792 724 2855 perceptione.
738 2795 770 2841 At
783 2792 823 2841 vix
837 2805 902 2842 unus
914 2804 928 2842 e
941 2799 1045 2841 centum
1056 2791 1197 2843 lectoribus
1208 2792 1234 2843 id
1246 2792 1281 2843 ita
1292 2793 1372 2842 intel-

292 2884 375 2947 ligat,
388 2890 415 2932 et
427 2881 518 2944 reliqui
530 2894 670 2943 pronomen
683 2881 801 2944 quemad
814 2894 870 2932 voc.
883 2895 924 2929 ors
936 2879 1060 2930 referent.
1075 2881 1199 2931 Praeterea
1211 2882 1300 2931 Cicero
1316 2881 1371 2943 ipse

304 2973 337 3023 de
349 2970 464 3034 pluribus
476 2969 683 3033 perceptionibus
695 2969 816 3034 loquitur.

334 3060 397 3121 Viti,
407 3058 464 3122 §ae
478 3058 597 3119 Quamvis
609 3058 761 3121 obloquatur·
772 3058 891 3115 Orellius‚
905 3058 1012 3108 Bentleii
1024 3057 1213 3107 correctionem
1225 3057 1370 3107 admittam:

303 3148 396 3213 «quasi
407 3148 523 3212 quaedam
534 3147 585 3196 dua
596 3146 732 3209 lumenque
745 3146 836 3206 vitaev;
849 3159 900 3195 non
912 3145 981 3195 auris
994 3151 1092 3194 tantum
1104 3144 1150 3194 sed
1159 3143 1370 3194 etiamsententia

302 3236 390 3300 exegit
400 3242 428 3285 ut
440 3242 499 3298 post
510 3235 559 3284 dua
571 3234 709 3284 adderetur
726 3233 819 3290 lumen,
837 3246 893 3296 quae
909 3246 958 3282 vor
974 3232 1062 3282 haberi
1082 3239 1167 3294 potest
1178 3231 1250 3294 quasi
1262 3230 1303 3279 iax
1314 3243 1370 3293 quae

305 3325 386 3373 fertur
396 3337 411 3373 a
423 3324 497 3373 duce.
511 3322 633 3385 Exempla
650 3321 769 3371 desidero
781 3320 825 3370 ubi
837 3321 874 3371 sic
882 3320 1023 3384 jungantur
1035 3339 1047 3364 v
1060 3320 1104 3369 lux
1117 3319 1264 3383 lumenque.
1278 3339 1288 3361 »

334 3412 375 3470 ill,
392 3412 403 3475 ς
419 3412 459 3460 at.
476 3411 523 3460 Vix
535 3418 610 3473 putes
621 3410 770 3459 Ciceronem
782 3410 870 3459 dicere
882 3407 995 3459 voluisse
1014 3410 1081 3458 inter
1100 3408 1154 3457 visa
1166 3408 1280 3471 quaedam
1293 3407 1368 3456 etiam

303 3501 365 3551 ialsa
377 3514 435 3551 esse
448 3512 534 3563 posse,
546 3500 620 3563 quasi
631 3513 682 3549 non
694 3498 817 3561 liqueret;
829 3499 897 3548 conl.
917 3496 982 3547 inira
1001 3497 1031 3562 §5
1049 3498 1094 3559 tlt,
1111 3498 1152 3546 tt.
1165 3497 1281 3546 Davisius
1292 3496 1371 3559 igitur·

302 3603 360 3640 cum
371 3589 451 3639 Codd.
469 3588 494 3649 B,
512 3587 579 3637 haud
596 3599 730 3650 perperam
751 3609 760 3629 ·
776 3586 915 3636 volverat
932 3586 1040 3648 addidit,
1057 3598 1114 3649 quae
1125 3598 1197 3635 vocc.
1209 3585 1294 3647 elapsa
1306 3590 1368 3633 sunt

302 3692 347 3742 per
358 3678 559 3728 homoeoarcton.

332 3767 364 3829 x,
382 3766 396 3832 ᾗ
411 3767 451 3816 30.
469 3766 578 3828 iladvig.
593 3764 719 3826 (addend.
732 3763 765 3813 ad
777 3763 836 3813 libr.
850 3764 928 3814 Acad.
943 3777 968 3825 p.
981 3764 1043 3825 854,
1057 3763 1120 3813 edit.
1140 3760 1218 3810 Orell.
1238 3759 1369 3819 secundae]

300 3855 466 3907 scribendum
478 3866 536 3904 esse
547 3853 690 3916 suspicatur
704 3868 710 3900 :
724 3871 737 3897 ι
746 3853 799 3903 Etsi
812 3860 913 3915 poterat
924 3853 1048 3915 disputari
1060 3850 1190 3901 subtiliter
1203 3868 1225 3911 v,
1240 3862 1286 3911 pro
1299 3848 1368 3911 vulg.

300 3946 357 4007 Sed,
370 3952 398 3995 ut
415 3942 540 3993 referatur
551 3942 583 3992 ad
595 3942 729 3992 consilium
742 3942 791 3991 hoc
803 3940 857 3991 iere
877 3939 1100 4004 pretermittendi
1121 3938 1204 4001 paullo
1216 3945 1276 3987 ante
1288 3936 1369 4000 signi·

300 4035 411 4095 beatum.
424 4034 546 4083 Libenter
557 4031 697 4082 adsentior.

331 4123 374 4185 xl,
394 4122 407 4186 5
423 4123 464 4172 33.
480 4120 563 4171 Verba
578 4142 587 4162 ·
602 4120 655 4170 veri
667 4128 694 4169 et
706 4119 763 4169 ialsi
776 4139 787 4162 ι
801 4127 860 4182 post
871 4120 980 4169 incisum
994 4139 1004 4161 a
1018 4116 1106 4180 regula
1118 4123 1158 4165 est
1173 4137 1201 4177 »‚
1216 4116 1269 4179 jam
1280 4115 1366 4177 spuria

297 4226 355 4263 esse
367 4213 466 4263 viderat
479 4211 634 4270 hammum,
651 4222 707 4273 quae
719 4210 885 4259 nihilominus
897 4208 984 4270 Orelli,
999 4207 1070 4258 lllotz
1081 4206 1175 4269 aliique
1187 4212 1366 4264 servaverant,
1431 4218 1433 4222 ·

297 4302 410 4352 Halmius
421 4314 450 4352 ea
463 4308 592 4364 postremo
605 4302 678 4350 uncis
688 4300 808 4361 inclusit;
820 4312 870 4363 ego
882 4299 931 4349 ista
943 4310 1048 4362 prorsus
1060 4297 1169 4348 deleam.
1178 4324 1209 4333 -
1222 4298 1234 4359 i
1245 4296 1285 4347 34.
1298 4295 1367 4344 Mad·
