3325 5159
302 666 354 723 128
629 663 671 719 Du
684 674 807 720 urricus
822 662 845 732 l,
860 674 944 733 rr-rx,
958 663 1036 719 9-u8.

299 806 367 856 neris
380 804 494 854 eiusdem
508 822 519 844 »
532 809 559 852 et
573 822 583 844 α
596 815 704 865 quorum
717 802 776 866 (seu
785 802 945 867 potitusque)
958 800 1119 852 autemoilic.
1135 816 1160 862 »ς
1173 801 1298 851 sicoratio
1308 815 1363 851 me·

300 897 348 945 lius
361 892 483 957 procedit.
497 919 527 928 —
538 891 656 941 Omittam
670 905 724 941 voc.
738 892 852 954 officium,
866 892 932 941 iuter
944 891 1066 956 quoddam
1078 898 1104 939 et
1116 890 1214 939 dicitur.
1225 917 1255 928 -
1263 889 1363 953 Legen-

300 988 359 1035 dum
379 983 506 1033 arbitror:
526 1002 536 1023 a«
554 980 697 1030 Perfectum
714 981 823 1031 officium
837 988 920 1038 recte,
933 981 1038 1044 opinor,
1053 993 1181 1040 voremus,
1202 981 1269 1043 quod
1282 980 1364 1030 Graeei

300 1070 455 1147 κατόρθωμα;
471 1069 534 1137 [boc
545 1077 630 1119 autem
643 1083 777 1120 commuue
797 1070 907 1119 officium
927 1068 1034 1135 vocant]
1052 1077 1129 1133 atque
1147 1070 1223 1121 Stoici
1240 1070 1277 1119 sic
1296 1068 1364 1118 deli-

301 1160 372 1207 niunt
384 1168 411 1207 ut
422 1170 519 1209 rectum
531 1161 598 1223 qrrod
611 1161 653 1217 sit,
666 1161 690 1209 id
704 1160 812 1209 officium
826 1160 967 1223 perfectum
980 1173 1036 1210 esse
1046 1159 1364 1228 desendoni;mediumuu·

300 1256 365 1308 tem,
379 1256 454 1298 etc.»
479 1250 532 1299 Non
545 1250 671 1299 assentior
693 1250 793 1313 Ungero
814 1250 912 1313 vlegenti
927 1266 932 1297 :
947 1269 960 1293 r
980 1251 1028 1300 boe
1047 1258 1132 1300 autem
1151 1262 1285 1300 commune
1309 1247 1365 1296 offi-

299 1337 365 1386 cium
379 1346 469 1387 rotant
481 1340 601 1388 medium.
615 1340 724 1389 lledium
736 1347 831 1395 autem,
844 1347 892 1390 etc.
910 1361 919 1381 r
938 1367 962 1375 -ψ
975 1340 987 1401 5
998 1339 1022 1390 9.
1034 1340 1247 1403 Legendumesse
1262 1359 1272 1381 ‹
1287 1338 1366 1400 suffe·
1422 1343 1427 1353 “

300 1431 385 1490 ratque
397 1427 533 1489 ancipitem
545 1441 631 1477 curam
643 1428 771 1491 cogitandi
786 1450 812 1485 »,
826 1442 871 1490 pro
884 1428 1042 1493 redieratque,
1064 1428 1230 1478 llubukeuius
1249 1428 1364 1486 monuit,

298 1529 373 1578 quem
385 1530 485 1580 sequar.
499 1518 552 1579 -5
567 1517 603 1566 to.
618 1518 721 1567 Addidit
733 1518 824 1568 merito
838 1518 952 1568 Baiterus
970 1531 1046 1581 praep.
1067 1517 1103 1577 iu,
1123 1525 1182 1567 ante
1197 1538 1206 1560 ι
1228 1517 1275 1566 bac
1295 1517 1365 1566 diri-

300 1606 381 1655 sione.
396 1627 406 1648 ι

332 1698 374 1760 ΙΙΙ,
388 1699 399 1760 5
415 1700 450 1747 ll.
464 1698 548 1760 idem,
562 1706 680 1749 monente
693 1700 818 1757 blandilo,
832 1700 894 1763 legit
906 1700 978 1758 item,
993 1713 1038 1762 pro
1050 1703 1143 1758 aretem,
1158 1706 1363 1761 postcommum.

300 1818 331 1824 -
342 1789 448 1851 Scripsit
459 1789 574 1838 Baiterus
583 1803 741 1852 progressus,
756 1803 787 1839 ex
799 1790 874 1839 codd.
889 1790 973 1848 Allab,
988 1802 1033 1851 pro
1047 1789 1114 1852 vulg.
1125 1801 1278 1852 progressas,
1295 1788 1365 1850 quod

298 1879 358 1928 daut
369 1880 445 1928 etiam
457 1879 530 1929 codd.
545 1880 594 1939 Bc;
608 1879 652 1928 sed
666 1885 762 1940 monet,
775 1879 799 1927 in
813 1879 899 1941 Suppl.
915 1878 1006 1928 Adnot.
1021 1878 1052 1928 ll.
1070 1878 1212 1928 liutherum
1225 1877 1365 1940 legendum

298 1980 355 2016 esse
368 1980 474 2016 censere
489 1983 494 2015 :
510 1989 519 2009 ‹
535 1980 685 2029 progressus
697 1974 723 2016 et
735 1966 807 2030 quasi
820 1966 1018 2016 intercessiones
1033 1987 1053 2013 ι.
1068 1966 1192 2028 Equidem
1205 1965 1291 2014 malim
1297 1979 1366 2028 proe-

298 2071 394 2117 pressus
406 2063 432 2106 et
445 2056 617 2105 antecessiones
624 2071 632 2114 ,·
644 2056 789 2118 scripsisset
801 2055 899 2105 Tullius
910 2056 1111 2105 intermissiones.
1125 2084 1156 2092 -
1168 2057 1179 2117 5
1193 2055 1230 2105 li.
1244 2056 1298 2106 Non
1307 2056 1365 2105 sine

298 2158 372 2194 causa
386 2144 541 2194 Faeciolutus
554 2143 630 2193 verba
645 2160 650 2192 ε
667 2165 676 2186 ι
696 2145 880 2208 ingeneratque
899 2145 925 2194 in
946 2146 1034 2208 primis
1053 2145 1206 2208 praecipuum
1226 2146 1362 2208 quemdam

298 2246 410 2282 amorem
422 2234 446 2281 in
459 2234 558 2296 eosqui
571 2234 695 2295 procreati
706 2241 765 2284 suut
779 2254 789 2274 »
803 2234 888 2296 spuria
901 2247 959 2283 esse
970 2234 1101 2292 censebat,
1111 2235 1304 2297 qrroniamidem
1311 2236 1363 2298 jam

297 2331 370 2371 antea
384 2330 409 2371 et
421 2322 513 2373 deinde
526 2322 621 2372 dictum
634 2330 682 2371 est.
696 2324 750 2384 -5
764 2323 801 2373 t3.
824 2324 909 2374 Herm.
927 2319 1023 2386 Saupp.
1042 2324 1179 2375 delendum
1199 2337 1257 2375 esse
1274 2333 1364 2375 censet

295 2411 461 2475 proripienti,
475 2412 542 2474 quod
555 2411 645 2461 Baiter.
660 2411 781 2471 seclusit;
793 2412 892 2462 Halmio
903 2420 988 2462 autem
1001 2412 1078 2462 rerba
1093 2434 1102 2456 ι
1116 2413 1290 2463 autdoceuti»
1305 2426 1364 2463 sus-

300 2508 371 2562 pecta
384 2507 456 2558 sunt,
469 2501 510 2550 cui
522 2501 660 2550 adsentior.
673 2528 704 2535 —
716 2502 728 2563 5
741 2502 779 2550 tl.
799 2501 882 2550 llalim
898 2502 1007 2565 jungere
1027 2501 1102 2551 rerba
1118 2518 1124 2550 ε
1140 2523 1149 2544 ι
1170 2503 1195 2552 iu
1215 2501 1288 2551 iactis
1306 2503 1364 2552 dic-

299 2590 380 2652 tisque
396 2610 405 2631 »
419 2603 477 2639 eum
488 2590 519 2638 iis
531 2602 587 2653 quae
598 2597 740 2653 sequuntur
753 2604 759 2636 ε
772 2589 828 2639 scil.
846 2613 854 2633 a
869 2592 912 2654 qrri
926 2592 1016 2640 modus
1030 2611 1057 2651 ι,
1072 2599 1100 2641 ut
1111 2591 1204 2655 legitur
1215 2592 1282 2655 apud
1295 2592 1364 2642 Orel-

298 2678 358 2728 linm
370 2680 499 2742 aliosque,
512 2680 555 2743 qui
567 2680 727 2744 distinguunt
739 2687 796 2743 post
803 2681 930 2730 decent-
943 2681 1036 2744 Legam
1045 2693 1102 2730 cum
1111 2679 1273 2730 Gerubardo:
1290 2687 1362 2730 etum

296 2768 321 2817 iu
333 2769 452 2818 omnibus
462 2776 489 2818 et
502 2768 665 2830 opinionibus
677 2776 702 2818 et
715 2770 792 2831 dictis,
814 2783 846 2819 ne
867 2770 928 2832 quid
946 2769 1089 2820 lubidinose
1102 2777 1146 2820 aut
1157 2770 1223 2819 dicut
1235 2777 1279 2819 aut
1291 2771 1364 2833 eogi-

300 2864 337 2907 tet
351 2878 372 2919 ·‚
386 2871 431 2919 pro
443 2856 517 2919 sactis
529 2856 654 2919 etsensim,
668 2859 786 2922 quoniam
798 2860 830 2909 de
843 2858 917 2909 luctis
928 2857 979 2922 jam
991 2866 1075 2909 actum
1088 2868 1138 2910 est.

328 2948 362 3009 V,
375 2948 387 3011 5
401 2950 437 2998 15.
451 2948 561 2999 Seclusit
573 2962 628 3000 voc.
641 2951 768 3013 sapientie
780 2950 958 3010 Geruhardus,
972 2957 1030 3013 post
1041 2952 1172 3001 excitaret.
1185 2950 1290 3015 Legum,
1305 2964 1362 3001 cum

299 3036 434 3099 limenio,
447 3045 475 3088 ut
487 3038 519 3089 de
532 3038 587 3087 liin.
601 3038 724 3103 11552:
745 3059 755 3081 ι
770 3039 900 3089 mirabiles
919 3052 1032 3099 ardores,
1053 3046 1081 3089 ut
1092 3040 1127 3089 uit
1139 3040 1224 3102 Plato,
1238 3039 1363 3089 excitaret

298 3126 337 3174 sui
351 3146 377 3184 r,
391 3126 491 3176 etiamsi
503 3126 553 3176 illic
565 3128 597 3177 de
610 3127 733 3191 sapientia
745 3135 851 3192 agatur,
869 3129 910 3179 lric
928 3135 1014 3179 autem
1034 3129 1066 3178 de
1079 3128 1195 3179 lronesto.
1209 3156 1239 3166 -
1250 3128 1362 3179 Verbum

298 3214 361 3263 inest
374 3227 506 3278 perperam
517 3215 631 3265 additum
643 3216 722 3267 luisse
734 3217 834 3279 opinor,
849 3218 916 3267 inter
933 3216 1047 3281 ponimus
1066 3225 1092 3267 et
1111 3218 1188 3269 rerba
1209 3218 1364 3282 «indagatio

299 3309 375 3365 atque
386 3302 500 3353 inventio
511 3303 565 3352 reri
579 3321 602 3361 r.
614 3304 672 3368 qrria
684 3318 735 3354 nou
748 3304 1067 3368 videbautintelligendum
1076 3318 1133 3355 esse
1142 3308 1286 3364 nuscuntur,
1296 3306 1363 3369 quod

299 3402 375 3453 supra
388 3390 489 3454 iegitur.

331 3479 376 3540 ΙΙΙ,
389 3479 401 3541 5
414 3479 451 3528 19.
465 3479 559 3543 Legam
573 3493 631 3529 cum
643 3481 742 3531 Halmio
756 3497 761 3529 :
777 3502 787 3524 ‹
801 3480 866 3531 fiunt
877 3481 1083 3532 intermissiones
1098 3502 1120 3544 »,
1133 3482 1228 3532 etenim
1246 3481 1362 3532 nonnulli

299 3569 402 3618 codices
413 3568 510 3618 babent
520 3569 713 3628 intermissione,
727 3578 753 3620 et
764 3571 865 3634 signum
879 3571 943 3634 plur.
958 3584 1032 3635 supra
1046 3573 1074 3635 fit
1086 3573 1168 3635 potuit
1178 3571 1284 3636 negligi.

330 3657 385 3720 Vll,
399 3656 460 3720 521.
481 3657 604 3707 Libenter
619 3671 713 3722 sequor
732 3658 859 3709 Baiterum
880 3659 1015 3723 legendum
1027 3673 1084 3710 esse
1096 3666 1243 3710 censentem
1258 3659 1360 3724 (Suppl.

301 3746 410 3809 Adnotl
425 3762 430 3794 :
446 3766 456 3788 ι
472 3747 501 3796 de
513 3760 563 3810 quo
575 3748 597 3796 si
609 3748 667 3811 quis
678 3748 728 3798 sibi
740 3755 844 3812 appetet
859 3770 880 3810 r,
890 3763 936 3811 pro
945 3750 1019 3800 codd.
1030 3750 1223 3800 lectionedubia
1235 3771 1245 3792 «
1256 3763 1330 3813 equo
1340 3770 1360 3795 ι.

300 3863 330 3873 -
342 3837 354 3899 5
365 3836 404 3886 ui.
419 3837 472 3886 Non
485 3836 598 3885 omittam
612 3837 688 3886 rerba
702 3852 709 3885 z
725 3860 734 3880 ι
749 3844 847 3900 partem
860 3845 979 3900 parentes
994 3858 1015 3900 r,
1029 3851 1085 3902 quae
1097 3838 1237 3888 risabesse
1247 3846 1361 3901 possunt.

299 3926 371 3988 quasi
383 3926 520 3984 solemnia,
533 3939 564 3975 ex
577 3925 623 3975 lrac
636 3924 760 3988 formula,
774 3933 800 3975 et
812 3939 858 3976 seu
872 3926 1055 3990 bomoeoarcto‚
1075 3940 1121 3977 seu
1138 3927 1279 3977 litterarum
1292 3927 1362 3976 simi-

298 4014 403 4064 litudine
415 4014 534 4064 excidere
547 4021 694 4076 potuerunt.
708 4014 761 4064 Nou
774 4015 868 4064 desunt
879 4016 945 4077 apud
958 4014 1098 4065 Platonem.

330 4103 474 4166 Vlll‚52'l.
497 4104 563 4153 Bene
584 4110 669 4153 tuetur
689 4104 804 4154 Baiterus
823 4104 929 4169 (suppl.
952 4104 1063 4164 Adnot.)
1083 4104 1218 4154 lectionem
1238 4105 1359 4166 cupitum

299 4204 374 4255 quarn
386 4193 447 4242 dant
457 4194 531 4243 codd.
545 4192 599 4243 iere
611 4206 716 4254 omnes,
730 4201 757 4243 et
767 4206 823 4257 quae
837 4193 962 4255 Madvigio
974 4202 1091 4255 suspecta
1105 4200 1167 4242 erut.

331 4280 376 4343 ΙΙΙ,
389 4282 400 4344 5
412 4282 451 4331 ΙΙΙ.
465 4282 596 4333 llauilesta
614 4284 723 4346 geminae
739 4283 925 4333 enunciationis
938 4283 1044 4346 vestigia
1056 4291 1192 4345 apparent,
1214 4283 1318 4345 opinor,
1335 4284 1360 4333 in

299 4371 355 4421 loeo
367 4371 410 4435 qui
422 4384 482 4421 rere
494 4373 641 4423 criticorum
653 4386 715 4422 crux
726 4372 848 4436 appellari
864 4380 957 4436 potest.
981 4373 1071 4423 Procul
1089 4373 1168 4423 dubio
1186 4373 1282 4423 l'ullius
1297 4374 1360 4423 scri-

299 4469 400 4524 pserat,
410 4474 456 4511 seu
469 4476 476 4509 z
492 4484 501 4504 «
515 4460 623 4511 alterum
637 4462 739 4512 iustitiae
749 4474 831 4526 genus
842 4467 985 4525 sequuntur
997 4462 1005 4526 i
1016 4468 1042 4511 ut
1054 4462 1086 4512 de
1098 4461 1161 4524 Rep.
1172 4461 1212 4520 ΙΙΙ,
1225 4460 1238 4526 5
1251 4463 1291 4523 ts,
1308 4475 1359 4512 non
