3325 5159
299 529 331 583 18
517 523 559 579 lie
571 534 687 581 riurens
700 533 840 578 nononuu
856 521 877 583 t.
893 532 1032 591 viu-xvir,
1048 522 1139 579 t3-55.

297 648 321 696 id
341 647 401 697 addi
423 653 507 709 potest
529 645 658 709 quodiam
671 644 780 695 vidimus
791 645 803 705 ᾖ
816 643 857 694 et.
870 644 930 693 Mihi
947 651 1032 693 autem
1045 644 1183 694 verisimile
1196 644 1297 695 videtur
1310 645 1365 696 bace

296 737 445 786 Ciceronem
457 735 527 799 prius
537 734 682 797 scripsisse,
699 733 767 796 quod
779 733 813 782 ita
826 731 903 783 veliet
915 733 1161 797 argumentationem
1173 733 1303 795 oiaudere,
1316 735 1364 785 sed

296 824 390 875 additis
400 825 523 887 deinceps
535 823 566 873 iis
577 834 633 886 quac
644 828 796 885 sequuntur,
810 822 835 871 in
849 829 934 872 mente
951 821 1072 873 babuisse
1084 835 1113 873 ea
1127 822 1227 884 tudere,
1239 824 1310 886 quod
1323 825 1364 873 vei

298 912 352 975 ipse
363 912 486 976 negtexit‚
500 912 538 961 vei
551 924 600 961 non
613 909 795 960 intellexerunt
807 908 914 959 librarii.

327 1001 393 1059 xiii,
405 1001 417 1062 ς
428 1001 468 1052 te.
483 999 581 1050 Abesse
594 1004 687 1061 potest,
695 998 797 1061 opinor,
804 997 861 1048 sine
873 998 925 1048 nito
934 998 1056 1049 orationis
1064 998 1230 1059 detrimento,
1237 997 1279 1049 bio
1290 997 1366 1049 iocus

298 1089 456 1141 eommunis:
475 1087 646 1149 «cupiditates
659 1086 728 1136 enim
738 1094 799 1136 sunt
811 1086 986 1137 insatiabiles·
998 1094 1071 1143 :tum
1087 1086 1145 1149 quia
1158 1088 1226 1136 enim
1234 1085 1286 1149 jam
1299 1087 1362 1150 iegi-

297 1184 340 1227 tur
351 1184 410 1239 post
420 1176 553 1241 supientia,
562 1182 614 1225 tum
623 1175 681 1238 onia
692 1174 819 1225 sententia
831 1186 889 1237 ortae
899 1174 1014 1237 sequitur
1022 1185 1112 1227 novam
1121 1174 1254 1237 periodum
1262 1175 1365 1226 videtur

298 1264 387 1314 ordiri.
402 1290 433 1300 -
444 1264 457 1325 i
467 1263 507 1313 id.
521 1261 605 1311 Facile
617 1273 717 1311 caream
731 1273 792 1311 voce
804 1260 940 1322 discordie,
952 1266 1010 1322 pust
1021 1260 1131 1309 discidio.

328 1351 380 1411 MV,
394 1350 456 1413 iiii.
475 1350 528 1399 Mon
551 1350 670 1410 congruit
685 1362 744 1399 oum
755 1349 889 1411 scriptoris
900 1356 987 1398 ruente
1000 1361 1047 1399 vox
1059 1348 1188 1410 fortitudo,
1200 1360 1256 1412 quae
1267 1349 1364 1413 iegitur

297 1438 365 1488 inter
376 1452 406 1487 ne
418 1445 444 1488 et
456 1438 552 1502 quidem
565 1445 622 1499 post
634 1449 689 1486 voc.
702 1437 832 1493 industrio.
845 1437 939 1499 quippe
958 1437 990 1487 de
1009 1436 1157 1487 fortitudine
1173 1437 1294 1488 universe
1304 1439 1363 1501 agi-

299 1534 356 1587 tur,
368 1526 497 1589 particuiae
508 1539 568 1574 ne...
581 1524 680 1589 guidem
692 1525 805 1575 indicant
817 1526 947 1575 notionem
955 1525 1089 1587 quamdam
1097 1526 1251 1588 graviorem,
1261 1525 1300 1575 vei
1309 1525 1364 1577 iere

298 1617 460 1677 contrariam,
472 1616 540 1665 unde
556 1614 618 1664 mibi
636 1614 662 1664 iu
672 1621 785 1664 mentem
798 1614 867 1664 venit
884 1614 1021 1677 tegendum
1033 1625 1104 1663 esse:
1120 1626 1173 1664 «ne
1184 1613 1292 1675 formido
1302 1614 1364 1677 qni-

299 1706 357 1755 dem
368 1725 389 1764 ι,
400 1703 469 1767 quod
487 1702 578 1754 leviter
593 1701 678 1752 differt
700 1715 714 1751 a
738 1702 855 1752 codicum
880 1702 999 1763 tectione,
1011 1709 1037 1751 et
1049 1702 1116 1751 bene
1127 1702 1248 1752 convenit
1259 1714 1317 1752 cum
1330 1702 1364 1751 iis

299 1806 355 1857 que
365 1798 516 1855 sequuntur.
528 1791 633 1854 Legitur
643 1798 739 1851 autem,
755 1792 831 1840 Tuso.
845 1790 885 1848 iv,
897 1791 922 1851 8,
938 1790 974 1851 tit,
988 1809 1000 1835 ι
1014 1789 1175 1840 formidinem
1194 1802 1252 1840 esse
1265 1795 1362 1840 metum

299 1889 501 1946 permanentem.
517 1907 546 1917 -
555 1881 677 1931 omittere
690 1880 791 1930 voiebat
802 1878 911 1930 Oreiiius
922 1893 1007 1943 mum,
1019 1888 1078 1930 ante
1092 1880 1168 1930 verba
1177 1894 1184 1927 ε
1193 1899 1206 1925 α
1215 1889 1241 1931 et
1253 1886 1362 1929 mortem

299 1971 440 2022 contemnit
450 1984 476 2029 »;
493 1968 634 2032 Madvigius
652 1976 679 2019 et
699 1968 814 2018 Baiterus
832 1980 882 2019 non
895 1967 1032 2032 obseqnuti
1044 1976 1121 2028 sunt;
1135 1981 1185 2032 ego
1198 1980 1259 2019 vero
1270 1968 1363 2031 iegen-

299 2060 359 2109 dum
378 2071 437 2109 esse
459 2070 571 2108 censeo:
586 2077 596 2099 ι
609 2058 669 2120 puin
687 2064 714 2107 et
737 2063 847 2107 mortem
866 2055 1027 2107 contemnit·
1041 2057 1108 2120 quod
1121 2056 1214 2107 meiius
1223 2062 1251 2107 et
1262 2055 1365 2107 iaciiius

299 2160 356 2196 cnm
368 2154 420 2197 tota
431 2146 557 2196 sententia
569 2144 690 2195 concinit.

328 2234 392 2296 xvi,
404 2234 469 2295 550.
479 2233 543 2282 baut
554 2233 674 2283 codices:
685 2250 699 2277 v
712 2233 759 2283 sed
770 2240 858 2282 eontra
870 2245 973 2295 semper
983 2231 1079 2297 aliquid
1089 2253 1111 2291 ι,
1120 2233 1165 2283 ubi
1176 2233 1268 2285 deesse
1280 2234 1363 2296 quod-

299 2323 356 2371 dam
375 2320 481 2370 verbum
501 2321 619 2371 viderunt
633 2320 731 2380 critiei;
743 2320 858 2370 iacnuam
871 2321 967 2383 primus
978 2322 1075 2392 notavit
1087 2320 1198 2385 Madvig.
1209 2336 1217 2380 3
1228 2321 1272 2373 aiii
1288 2320 1363 2385 iege-

299 2411 360 2462 bant
382 2410 441 2470 otii,
457 2410 500 2459 etii
522 2409 607 2468 utticit,
630 2409 686 2472 ipse
698 2408 851 2472 conjiciebat
863 2408 960 2471 adrem,-
971 2409 1092 2472 equidem
1103 2410 1195 2472 opinor
1207 2408 1361 2473 tegendum:

299 2515 312 2541 e
324 2497 375 2547 Sed
386 2503 473 2547 contre
485 2508 588 2557 semper
599 2497 667 2545 iurat
679 2516 700 2556 ·,
712 2495 780 2558 quod
792 2495 859 2545 bene
871 2496 1010 2558 respondet
1022 2495 1100 2545 verbo
1113 2500 1182 2545 nocet
1193 2503 1220 2546 et
1230 2495 1363 2559 scriptoris

298 2586 387 2637 menti.
398 2611 429 2622 ·-
442 2584 529 2633 Lectio
539 2584 582 2633 ed.
596 2585 676 2646 princ.
684 2583 738 2633 Coi.
751 2587 842 2633 contro
853 2587 937 2633 nostro
949 2583 1040 2633 meiius
1050 2584 1185 2647 scriptoris
1195 2591 1307 2636 mentem
1314 2596 1365 2635 ex-

298 2672 388 2723 bibere
401 2672 510 2734 videtur,
523 2684 598 2735 quam
610 2672 685 2721 codd.
701 2694 710 2712 ι
725 2675 817 2721 uotoro
836 2684 886 2722 noo
901 2672 1063 2735 deprauata».
1076 2700 1105 2709 —
1119 2676 1210 2736 uptam
1226 2672 1284 2723 ioco
1301 2685 1362 2723 eor-

299 2771 374 2824 mpto
389 2761 541 2811 medicinam
560 2760 708 2811 adhibuisse
721 2760 862 2823 Madvigius
882 2760 981 2811 videtur
997 2761 1115 2814 addendo
1130 2765 1154 2810 et
1164 2767 1224 2811 ante
1242 2760 1364 2824 quemod-

298 2849 408 2910 modum,
425 2857 451 2900 rt
474 2848 550 2899 verba
565 2848 737 2911 «improbitas
755 2848 807 2909 si»,
818 2856 879 2899 ante
902 2849 1001 2911 «errius
1018 2850 1049 2900 in
1068 2856 1154 2899 mente
1172 2847 1318 2902 consedit».
1335 2874 1359 2885 -

300 2937 360 2999 §bt
374 2937 472 2987 Verba:
485 2938 611 2988 «deorum
623 2943 707 2988 tamen
720 2936 844 2987 horrent»
853 2950 905 2987 non
916 2937 1054 2987 sineeansa
1062 2936 1165 2987 criticos
1174 2942 1363 2995 exercuerunt;

298 3026 337 3080 vix
354 3026 425 3077 dicas
435 3026 504 3076 enim
518 3026 557 3075 vei
570 3026 696 3088 inteiligas
707 3026 814 3076 deornm
826 3025 1028 3085 conscientiam
1044 3026 1129 3089 itaque
1141 3024 1277 3088 tegendum
1289 3024 1362 3074 arbi·

299 3122 365 3164 tror:
380 3138 389 3157 ι
405 3118 576 3164 verumtamen
587 3114 693 3163 horrent
704 3134 726 3176 ι,
738 3113 832 3176 ‹pdppe
844 3114 967 3175 deinceps
978 3114 1012 3164 de
1023 3114 1072 3164 diis
1083 3113 1177 3177 agitur.
1198 3138 1227 3151 u
1238 3112 1362 3174 Quoniam

298 3216 344 3253 vox
365 3202 469 3252 accersio
487 3214 545 3251 cum
563 3201 643 3261 verbo
661 3201 774 3250 minuere
793 3213 843 3251 nou
856 3199 1063 3264 tacitejungimr,
1077 3200 1159 3264 tegam
1171 3200 1273 3258 meede,
1286 3212 1362 3263 quam
1385 3180 1394 3193 Ι

299 3301 386 3347 vocem
398 3288 489 3339 eodem
501 3299 579 3337 sensu
596 3294 702 3349 usurpat
711 3286 802 3337 Cicero
814 3286 840 3335 in
852 3287 968 3337 oratione
982 3300 1026 3349 pro
1043 3288 1096 3337 Mii.
1108 3300 1133 3337 o.
1145 3286 1202 3347 XIV.
1210 3293 1237 3338 et
1252 3286 1323 3337 aiibi.
1332 3312 1364 3323 -

298 3376 407 3426 incisum
419 3391 432 3420 e
446 3376 531 3438 potius
542 3374 700 3426 inflammat»
711 3375 803 3425 abesse
815 3382 911 3438 potest,
922 3376 978 3425 sine
990 3376 1041 3426 ulio
1052 3374 1187 3434 sententiae
1197 3376 1364 3436 detrimento;

298 3477 400 3515 manum
412 3463 559 3526 interpretis
571 3462 665 3526 prodit.
677 3490 707 3500 -
719 3463 732 3525 i
746 3462 787 3514 53.
805 3464 831 3512 in
843 3465 937 3514 seriem
948 3465 1071 3527 orationis
1082 3477 1216 3528 perperam
1227 3464 1363 3527 irrepsisse

298 3552 361 3604 mibi
373 3551 489 3603 videntur
501 3565 531 3603 ee
543 3553 635 3602 verba:
649 3571 661 3598 v
675 3552 740 3601 Nibit
752 3552 820 3603 enim
831 3553 1002 3610 desiderabile
1013 3554 1227 3616 concupiscunt»,
1240 3559 1294 3604 tum
1305 3550 1364 3617 quia

298 3642 372 3693 deest
391 3640 469 3691 verbo
487 3640 642 3703 subiectum,
654 3642 784 3692 nonenim
797 3648 868 3692 reete
877 3642 930 3693 dici
943 3650 1050 3705 potest«
1063 3642 1216 3705 cupiditates
1227 3642 1363 3704 concupis-

297 3737 358 3780 cunt
367 3748 389 3786 ·‚
401 3735 456 3777 tum
468 3727 525 3790 quia
537 3725 600 3776 nibil
612 3727 681 3777 atiud
692 3727 813 3790 exprimit
825 3728 995 3779 iroc‘incisum
1005 3741 1081 3792 quam
1092 3729 1161 3793 (ruod
1177 3729 1230 3793 jam
1242 3728 1363 3791 intelligi-

297 3824 339 3867 tur
352 3816 473 3872 voeabuio
485 3817 588 3873 inanes,¹
600 3816 711 3879 denique
722 3815 814 3865 meiius
826 3816 941 3879 procedit
952 3817 1033 3867 oratio
1044 3816 1066 3867 si
1079 3816 1218 3870 omittatur.
1296 3849 1298 3854 ι

328 3906 403 3966 xvtt,
416 3905 478 3968 §55-
487 3905 646 3967 Supervacua
658 3904 735 3953 etiam
746 3912 772 3955 et
783 3905 943 3955 incommode
956 3914 1026 3955 certe
1041 3914 1102 3956 sunt
1111 3918 1142 3957 en
1155 3905 1249 3956 verba:
1260 3925 1270 3948 ι
1285 3905 1312 3957 id
1323 3913 1363 3955 est

298 3993 324 4043 in
337 3992 466 4055 voluptate
477 3998 521 4043 aut
536 3991 562 4044 in
574 3990 695 4052 dolore-3
709 4003 767 4041 nam
780 3992 830 4043 iaec
845 3993 1060 4056 anteefficiontur,
1073 3992 1183 4043 refertur
1193 3994 1312 4049 advoces
1318 3994 1363 4043 bo·

299 4091 388 4132 uorum
404 4086 431 4131 et
447 4080 581 4142 emiorum,
594 4094 644 4131 non
656 4088 741 4132 autem
753 4082 784 4132 ad
798 4082 953 4145 voluptatem
964 4089 991 4131 et
1003 4082 1128 4133 dolorem.
1141 4081 1214 4133 corii.
1225 4094 1282 4146 quae
1293 4090 1363 4133 nota·

297 4170 379 4220 vimus
391 4170 404 4232 5
414 4168 454 4219 23.
465 4194 497 4207 -
509 4169 562 4219 Non
575 4169 650 4221 video
659 4171 726 4221 unde
739 4172 866 4233 pendeant
879 4170 955 4221 verba
966 4175 1050 4220 ortum
1060 4170 1235 4233 essecestram
1245 4169 1285 4221 viv
1293 4170 1362 4219 enim

298 4256 399 4308 haurias
417 4256 547 4309 notionem
567 4257 639 4309 verbi
652 4262 713 4321 puto
729 4272 761 4308 ex
781 4259 861 4308 verbo
873 4257 986 4317 concedo,
998 4258 1066 4322 quod
1084 4258 1207 4310 orationis
1218 4258 1299 4309 series
1311 4271 1362 4307 non
