3325 5159
329 667 379 722 tlt
628 664 669 721 liu
684 675 809 722 orrrcus
823 664 872 735 ΙΙΙ,
893 676 975 735 rv-rr,
992 664 1088 721 15-28.

326 802 475 853 Lambiuum
487 808 514 853 et
526 802 664 852 Manutium
676 814 768 866 sequar
779 802 918 866 perfeetum
930 800 1078 853 omittentes
1089 828 1120 837 -
1136 801 1197 863 §lb
1210 800 1300 851 llerito
1312 800 1394 851 edidit

326 903 384 941 cum
396 890 482 941 multis
493 891 568 942 codd.
581 890 712 941 balterus:
727 890 790 954 «qui
803 891 910 953 comem,
922 890 984 953 quid
994 908 1015 948 r,
1028 903 1074 953 pro
1086 889 1154 953 vulg.
1170 889 1232 953 «qui
1240 888 1394 952 iidemquid‚

326 988 376 1031 ete.
391 1001 412 1028 ι.
426 981 534 1044 Madvig.
547 980 650 1031 delebat
661 980 744 1030 iidem.

359 1070 397 1128 ΙΙΙ,
411 1069 425 1133 ς
438 1070 475 1119 tss.
493 1070 574 1120 Verba
589 1076 655 1119 «aut
667 1068 824 1129 Aristides»,
838 1075 943 1119 auctore
955 1069 968 1118 J
972 1106 977 1117 .
991 1068 1024 1119 ΙΙ.
1038 1068 1206 1132 Heusingero‚
1219 1067 1324 1118 seclusit
1336 1067 1395 1117 Bai-

326 1166 412 1213 terus;
425 1159 557 1222 desumpta
572 1159 700 1220 videntur,
712 1165 741 1208 ut
752 1164 841 1209 mouet
853 1166 941 1209 noster
957 1159 998 1222 (in
1016 1157 1103 1221 Suppl.
1122 1158 1214 1207 Aduot.
1236 1171 1260 1220 p.
1281 1156 1344 1218 tta)
1362 1170 1394 1207 ex

325 1250 661 1313 iisqaaedictasunt58'1:
677 1270 687 1292 ι
703 1248 820 1299 Fabricio
839 1248 883 1311 qui
902 1248 959 1298 talis
978 1249 1004 1297 in
1022 1248 1069 1297 hac
1086 1248 1150 1298 urhe
1169 1247 1250 1311 qualis
1269 1246 1396 1297 Aristides

326 1340 432 1389 Athenis
444 1339 491 1389 luit
501 1360 522 1388 ι.
537 1339 579 1389 llla
592 1339 754 1402 interpolatio
768 1346 851 1389 omen
867 1338 933 1401 apud
946 1337 1114 1399 lactantium,
1128 1338 1187 1387 lust.
1201 1338 1252 1389 dir.
1262 1337 1394 1401 Vl,d,jam

325 1428 426 1493 iegitur.
440 1429 493 1478 Nou
508 1441 567 1477 uero
579 1428 723 1490 spernenda
736 1427 837 1478 ridetur
855 1426 998 1477 Geruhardi
1015 1426 1083 1489 conj.
1103 1426 1233 1490 legentis:
1252 1430 1305 1476 «ut
1322 1426 1394 1476 Aris·

326 1518 392 1569 tides
403 1538 461 1566 ·.-
475 1518 578 1568 Addidit
592 1518 663 1566 verb.
676 1520 743 1575 aunt,
757 1524 816 1567 ante
829 1516 916 1576 habiti,
930 1516 1046 1568 Baiterus
1057 1515 1125 1580 quod
1138 1527 1270 1579 perperam
1283 1515 1309 1564 in
1318 1516 1394 1566 codd.

326 1608 444 1659 omnibus
455 1609 536 1659 deest.
552 1636 581 1645 -
594 1609 688 1658 lirrore
702 1619 848 1670 operarum,
862 1606 955 1671 legitur
967 1607 1033 1669 apud
1054 1607 1179 1656 Baiterum
1197 1603 1329 1656 melinum
1348 1620 1395 1670 pro

326 1697 470 1746 mediorum.
484 1725 514 1732 -
526 1696 540 1762 ᾖ
553 1697 590 1746 tt.
606 1697 669 1746 liant
681 1709 770 1747 ornnes
783 1696 859 1746 codd.
876 1718 886 1739 ι
902 1697 979 1747 lmmo
993 1709 1053 1746 rero
1066 1696 1186 1746 honestas
1202 1695 1338 1746 utilitatem
1350 1707 1395 1746 se-

326 1793 383 1835 cuta
395 1794 435 1837 est
449 1808 470 1843 ·,
483 1787 551 1851 quod
562 1794 650 1836 contra
671 1787 804 1850 scriptoris
824 1793 936 1836 mentem
956 1799 1014 1836 esse
1033 1793 1146 1849 apparet.
1167 1785 1276 1836 Orellius
1292 1784 1395 1836 edidit:

326 1894 338 1919 ιι
353 1875 431 1926 immo
444 1889 504 1925 vero
516 1876 676 1926 honestatem
689 1875 785 1925 utilitas
797 1883 934 1926 consecuta
947 1883 987 1926 est
998 1895 1018 1923 ».
1033 1874 1147 1925 Baiterus
1159 1874 1279 1937 scripsit:
1295 1874 1396 1924 «immo

327 1978 387 2017 vero
398 1966 518 2016 honestas
530 1966 682 2016 utilitatem:
695 1966 857 2016 honestatem
870 1965 968 2016 utilitas
980 1972 1066 2015 secuta
1076 1972 1116 2014 est
1125 1984 1146 2013 ι.
1160 1965 1397 2029 Ungerussequeus

327 2056 487 2105 Ambrosium
499 2055 531 2105 de
543 2053 591 2104 ΟΙΙ.
604 2056 665 2104 cler.
681 2056 723 2113 ΙΙΙ,
734 2055 760 2117 9,
772 2055 823 2105 60:
839 2076 849 2097 ι
865 2054 883 2103 Ι.
897 2067 921 2102 v.
937 2054 961 2102 h.
977 2069 1001 2104 u.
1016 2061 1042 2104 et
1058 2054 1153 2105 utilitas
1172 2054 1332 2104 honestatem
1351 2067 1396 2105 se·

326 2150 384 2194 cuta
396 2151 436 2194 est
450 2165 471 2191 ι.
485 2143 610 2207 Equidem
624 2144 708 2193 malim
721 2157 753 2193 ex
766 2144 778 2206 5
790 2144 821 2193 90
834 2143 921 2207 legere
936 2158 942 2191 :
958 2164 967 2187 ι
983 2143 1062 2193 lmmo
1082 2155 1159 2203 vero:
1179 2144 1222 2193 red
1235 2144 1397 2194 honestatem

326 2233 422 2283 utilitas
433 2240 519 2283 secuta
533 2241 572 2283 est
585 2253 606 2282 u.
620 2234 752 2284 Glossema
765 2233 902 2284 verborum
925 2253 934 2275 «
950 2234 1027 2283 immo
1046 2246 1106 2283 vero
1119 2252 1132 2279 n
1149 2232 1313 2283 omissionem
1330 2246 1398 2284 eon-

325 2323 448 2373 clusionis
458 2324 573 2374 addurit.
589 2350 613 2360 -
629 2323 692 2387 §ab
706 2323 826 2373 Restituit
838 2323 931 2374 merito
945 2323 1058 2373 Baiterns
1077 2323 1185 2373 incisum
1206 2323 1273 2386 «qui
1294 2322 1397 2373 Acade-

326 2412 385 2462 mici
400 2432 421 2471 ι,
437 2419 494 2475 post
507 2433 517 2454 ι
532 2412 608 2461 iidem
621 2419 694 2462 erant
709 2432 731 2469 ι,
743 2411 811 2475 quod
825 2412 948 2461 omiserat
959 2411 1078 2461 Orellius.
1124 2421 1126 2426 ’

358 2502 387 2562 ΙΙ,
400 2500 413 2565 5
424 2501 465 2551 23.
482 2501 605 2564 BaiteruS,
618 2508 723 2551 auctore
735 2500 872 2565 Madvigio,
885 2500 976 2550 scribit
986 2514 1044 2550 cum
1053 2501 1144 2551 codd:
1160 2501 1205 2549 «id
1217 2507 1253 2550 est
1265 2500 1320 2551 iure
1332 2514 1398 2565 geu·

328 2590 389 2640 tium
404 2590 552 2649 morellius
562 2597 659 2651 autem,
672 2598 777 2641 auctore
797 2590 898 2652 Beiero,
917 2590 1035 2640 ediderat
1056 2598 1106 2641 «et
1124 2591 1180 2640 iure
1201 2591 1352 2653 gentium».
1370 2618 1394 2629 -

326 2680 389 2743 §2⁴-
403 2680 522 2731 Fortasse
533 2681 671 2744 legendum
687 2702 695 2723 ι
709 2693 785 2744 quam
796 2680 855 2730 altio
871 2700 892 2743 »‚
908 2693 954 2742 pro
967 2698 980 2725 «
993 2692 1068 2744 qnam
1079 2680 1130 2729 olto
1146 2700 1165 2737 ι,
1179 2680 1234 2730 scil.
1255 2680 1314 2730 vitia
1333 2693 1397 2731 con·

326 2769 402 2819 traria
411 2769 524 2833 justitiae,
546 2768 701 2826 liberalitati,
720 2775 770 2819 etc.
783 2796 813 2804 -
825 2768 943 2818 Ultimum
960 2767 1036 2829 hujus
1048 2769 1070 2832 §1
1086 2768 1260 2819 sententiam:
1282 2790 1293 2813 ι
1308 2770 1398 2820 Detra-

327 2858 390 2909 here
401 2865 486 2908 autem
489 2894 546 2906 ......
559 2858 661 2921 generis
673 2858 789 2908 eiusdem
799 2877 821 2919 ι,
835 2871 849 2907 e
862 2858 884 2920 §⁰
897 2856 924 2906 tt
940 2857 1065 2915 haustam,
1076 2856 1128 2919 J'am
1141 2857 1250 2908 Grutero
1259 2864 1284 2907 et
1292 2857 1397 2909 Faccio·

325 2949 376 2998 lato
388 2954 542 3010 suspectam,
555 2960 621 2996 nunc
633 2947 735 2997 demum
749 2946 865 2997 Baiterus
877 2946 992 2996 seclusit.
1005 2946 1125 2996 Fortasse
1137 2946 1233 2995 Tullius
1251 2946 1316 2996 hanc
1333 2958 1394 2997 seu-

327 3036 431 3087 tentiam
444 3036 518 3099 paulo
529 3048 614 3099 supra,
629 3035 692 3099 523,
706 3044 762 3099 post
776 3058 786 3079 ι
801 3035 850 3086 sibi
868 3035 985 3086 adsumat
1005 3056 1027 3098 »,
1048 3036 1118 3099 prius
1134 3036 1272 3098 scripserat
1288 3048 1396 3099 eamque

327 3125 459 3176 breuitatis
470 3138 555 3186 causa,
568 3138 601 3175 ne
614 3125 654 3174 his
666 3125 757 3175 iisdem
770 3124 824 3176 iere
838 3138 898 3174 rere
910 3124 997 3175 verbis
1008 3124 1076 3175 idem
1088 3125 1196 3183 diceret,
1208 3124 1336 3187 supplevit
1347 3138 1397 3188 ope

326 3211 509 3284 παρενθεσέωςε
529 3232 539 3253 ι
553 3223 642 3259 omues
653 3218 738 3259 autem
751 3210 887 3273 parebunt,
901 3210 944 3274 qui
956 3210 1099 3259 secundum
1118 3217 1233 3259 naturam
1253 3208 1338 3260 volent
1358 3210 1396 3258 vi-

328 3309 389 3346 rere
399 3315 422 3346 r.
435 3324 465 3332 -
477 3297 501 3359 ξς
513 3296 600 3345 at-tu
614 3296 761 3345 Sententia:
776 3295 835 3345 «Ex
849 3308 899 3359 quo
912 3294 1020 3345 efficitur
1031 3295 1161 3346 hominem
1170 3302 1265 3345 naturae
1273 3293 1399 3345 obedien·

328 3394 379 3436 tem
392 3386 488 3437 homini
496 3398 588 3436 nocere
598 3399 648 3435 nou
658 3397 733 3447 posse
743 3405 764 3443 ι,
773 3385 927 3449 quaTullins
938 3385 1012 3448 hujus
1021 3384 1144 3448 propositi
1152 3384 1397 3435 demonstrationem

327 3474 465 3534 concludit,
479 3474 627 3525 alienoloco
640 3474 721 3536 posita
734 3480 790 3531 est;
803 3473 897 3523 etenim
906 3472 1398 3537 antealterumhujusdemoustrationis

326 3571 504 3628 argumentum
517 3563 620 3627 legitur,
633 3563 688 3613 scil.
704 3582 715 3606 ι
729 3563 826 3614 Deinde
838 3563 881 3626 qui
893 3563 1002 3613 alterum
1016 3562 1092 3612 violat
1095 3598 1173 3613 ........
1192 3563 1295 3627 gravius
1306 3562 1398 3613 existi-

328 3661 381 3704 mat
389 3674 412 3703 ι.
424 3654 502 3703 Suum
510 3666 572 3716 ergo
581 3654 663 3702 locum
672 3651 799 3702 obtinebit
805 3653 827 3701 si
837 3659 894 3715 post
901 3651 978 3701 verba
994 3651 1116 3715 «grauius
1125 3652 1254 3702 existimat
1267 3652 1397 3716 »legatur

327 3771 358 3781 -
370 3745 382 3806 5
394 3743 432 3793 ΞΙΙ.
446 3743 541 3806 Legam
549 3755 607 3792 cum
616 3741 741 3804 Madvigio
754 3741 800 3803 (ad
808 3740 862 3791 Cic.
871 3741 904 3791 de
914 3740 970 3790 Fin.
981 3754 1004 3803 p.
1015 3741 1057 3790 tlt
1067 3739 1076 3803 i
1088 3741 1204 3804 cuipiam,
1215 3754 1260 3804 pro
1270 3740 1395 3806 culquam,

328 3841 387 3883 ante
397 3832 524 3882 iniurium.

359 3922 400 3981 Vl,
412 3922 426 3987 5
437 3922 477 3972 28.
496 3922 541 3971 ilic
553 3921 638 3972 denuo
651 3933 784 3983 perperam
796 3920 921 3970 inculcata
934 3921 1025 3972 eadem
1037 3920 1164 3970 sententia
1183 3920 1284 3983 paulum
1302 3919 1397 3970 immu-

330 4018 389 4069 tata,
402 4024 458 4076 quae
469 4022 544 4073 supra
557 4010 651 4075 legitur
665 4009 714 4071 §at
729 4017 756 4060 et
766 4010 808 4069 ΙΙ,
820 4010 969 4060 criticorum
981 4009 1141 4073 suspiciones
1152 4009 1231 4072 movit
1243 4017 1269 4060 et
1282 4009 1398 4073 plurimis

328 4101 549 4164 explanationibus
559 4112 646 4149 ansam
658 4099 737 4150 dedit.
752 4099 809 4149 Haec
823 4098 900 4149 rerba
913 4099 993 4149 aliena
1008 4111 1065 4149 esse
1078 4099 1110 4149 ab
1122 4099 1203 4149 nostri
1215 4099 1330 4149 oratioue
1344 4099 1395 4163 jam

326 4189 474 4252 apparebat,
488 4187 877 4252 tumexjuuctnrredifficultate,
890 4196 943 4237 tum
956 4188 1112 4238 obscuritate
1124 4186 1199 4238 incisi
1214 4209 1224 4230 ι
1237 4200 1293 4251 quae
1305 4195 1397 4238 vacent

328 4278 452 4327 iniustitia
465 4291 494 4337 »;
507 4285 559 4326 tum
570 4291 602 4328 ex
615 4277 751 4328 iteratione
762 4277 898 4327 sententiae
908 4277 960 4341 jam
973 4276 1013 4327 bis
1024 4276 1134 4337 emisse,
1144 4290 1199 4340 quae
1206 4277 1238 4327 ad
1246 4277 1396 4328 societatem

326 4367 429 4432 generis
437 4366 549 4427 humani,
558 4367 632 4429 eujus
639 4366 800 4418 conditiones
809 4366 886 4417 modo
895 4365 1037 4417 enunciata:
1045 4373 1112 4426 suut,
1121 4379 1172 4417 nou
1178 4366 1298 4429 pertinet.
1310 4366 1396 4429 ltaque

326 4457 476 4509 ciceronem
486 4455 621 4519 scripsisse
633 4454 740 4519 opinor:
756 4455 848 4506 «cutus
856 4455 989 4506 societatis
995 4454 1151 4506 artissimum
1160 4454 1287 4506 vinculum
1296 4461 1336 4506 est
1343 4455 1396 4506 tus·
