3325 5159
363 602 396 657 art
567 597 605 651 ltu
619 608 732 651 rrurnus
747 608 895 663 nouonuru,
912 594 956 662 lli,
970 606 1112 661 xxvi-xxv,
1127 594 1218 656 6669.

363 735 467 798 ruptelae
475 733 559 796 posuit
571 732 684 781 Baiterus
692 745 749 780 cnm
762 730 953 793 lladvigioante
964 743 988 777 v.
997 729 1089 790 faciles.
1100 756 1129 765 —
1138 729 1196 791 560.
1207 730 1289 778 Facile
1297 730 1424 779 assentior

361 823 547 884 Wesenbergio
557 820 678 871 addenti:
693 826 757 868 «aut
767 818 907 868 omuibusr
921 826 980 867 ante
994 825 1058 867 «avit
1070 817 1184 880 plurimis
1195 826 1221 867 et
1233 818 1422 881 gravissimis».

362 911 399 960 Gi.
412 911 437 972 55
449 909 494 971 tt,
513 909 557 962 at.
581 913 608 957 et'
626 907 726 957 Baitero
746 906 915 956 omittendum
934 906 1051 956 censenti
1071 926 1081 949 ι
1101 905 1168 970 quod
1188 906 1345 968 propriam»
1367 913 1424 968 post

362 1018 375 1043 «
389 1000 540 1063 quodsuam
555 1018 576 1044 ι.
1396 1034 1401 1039 .

392 1085 466 1145 lllill,
479 1086 490 1147 5
502 1085 541 1134 ot.
555 1083 663 1133 Codices
674 1081 769 1131 babent
782 1103 793 1125 «
806 1082 944 1143 rectiones,
957 1094 1051 1144 genera
1067 1095 1095 1141 »ς
1111 1080 1251 1143 Madvigius
1268 1088 1339 1142 putat
1350 1082 1407 1131 Cice

361 1187 450 1224 runem
468 1170 603 1233 scripsisse
624 1169 771 1219 «rectionis
785 1180 880 1231 genera
895 1188 923 1228 r,
947 1168 1014 1232 qnod
1033 1168 1137 1218 admisit
1149 1168 1284 1227 Baiterus;
1300 1180 1350 1231 ego
1363 1181 1424 1218 vero

363 1263 444 1323 legam
458 1276 464 1307 :
478 1259 598 1318 rationes,
611 1270 716 1320 genera,
731 1277 741 1299 ι
755 1264 806 1307 etc.
818 1257 878 1307 Voc.
892 1257 967 1306 rectio
979 1257 1040 1306 mibi
1052 1264 1198 1319 suspectum
1210 1264 1259 1315 est,
1271 1257 1330 1320 qula
1343 1257 1425 1306 rarius

361 1352 506 1409 usurpatur,
518 1357 565 1394 nee
577 1344 713 1407 quidquam
725 1343 796 1393 addit
807 1343 949 1393 sententiae.

393 1434 478 1490 lllllll,
492 1432 555 1495 562.
574 1432 723 1495 Legendnm
735 1431 826 1494 opinor
839 1446 846 1478 τ
864 1453 874 1475 ι
888 1431 928 1481 Ad
939 1445 994 1495 pute
1005 1432 1026 1480 si
1040 1444 1126 1480 verum
1139 1430 1295 1493 respondere
1309 1429 1388 1479 velles
1401 1450 1423 1479 r.

359 1522 467 1572 Codices
483 1520 544 1569 dant
560 1524 646 1583 cipue,
665 1519 780 1569 nonnulli
797 1520 912 1568 editores
930 1521 1010 1583 otprti.
1027 1546 1057 1555 -—
1069 1519 1113 1568 Vix
1130 1519 1316 1569 admittendum
1329 1532 1424 1568 censeo

359 1609 508 1659 Ciceronem
521 1620 566 1670 pro
578 1609 671 1656 Catone
683 1608 882 1669 respondentem
900 1614 950 1656 mm
963 1616 1078 1669 prompte
1091 1606 1226 1669 repetiisse
1238 1619 1267 1657 ea
1279 1619 1336 1669 quae
1347 1607 1423 1656 modo

359 1697 385 1744 in
398 1695 539 1745 Stoicorum
552 1695 666 1745 doctrina
678 1694 856 1753 damnaverat,
874 1701 901 1743 et
912 1707 1019 1758 quorum
1030 1695 1178 1743 inanitatem
1191 1694 1423 1753 demonstraveram

359 1786 444 1848 itaque
454 1784 564 1834 alienum
576 1796 591 1832 a
603 1796 726 1845 responso
738 1790 857 1845 suscepto
870 1783 986 1846 suspicor
998 1791 1079 1833 totum
1091 1783 1173 1833 locum
1186 1783 1295 1833 averbis
1308 1784 1423 1847 «quippe

358 1873 400 1935 qni
415 1891 427 1916 r
445 1871 491 1920 ubi
502 1871 625 1920 orationis
636 1876 762 1920 structura
784 1878 904 1932 mutatur,
923 1885 1003 1935 usque
1019 1874 1052 1922 ad
1065 1873 1140 1922 verba
1154 1891 1167 1917 α
1181 1874 1275 1925 bouum
1292 1875 1421 1933 dicere»,

358 1973 434 2022 qrrem
445 1957 547 2009 erudito
558 1958 659 2008 cuidam
672 1958 761 2007 lectori
780 1958 900 2019 tribuam,
920 1960 974 2009 sive
993 1960 1029 2008 illi
1042 1961 1182 2010 enarratori
1202 1962 1275 2024 cnjus
1287 1962 1340 2025 jam
1355 1961 1422 2011 band

360 2059 437 2107 panca
449 2044 593 2095 sedulitatis
603 2044 717 2106 exempla
730 2046 882 2095 notavimus.
901 2046 941 2094 Fr.
955 2047 1078 2106 lacobus,
1092 2054 1157 2097 teste
1171 2050 1284 2107 Baitero,
1296 2050 1422 2113 ejicienda

358 2141 447 2184 censet
458 2134 536 2183 verba
551 2150 558 2181 ι
576 2154 587 2177 «
601 2146 685 2196 neque
698 2141 811 2182 tamen...
825 2135 920 2183 bonum
932 2135 1028 2185 dicere.
1045 2156 1054 2177 n
1073 2164 1094 2173 -
1111 2138 1239 2187 Gradatim
1250 2138 1339 2188 tlicero
1350 2138 1423 2188 Stoi-

359 2236 447 2273 corum
464 2234 598 2272 censuram
612 2221 734 2270 resumit:
755 2227 808 2270 tum
825 2222 881 2284 ipse
898 2221 1018 2286 loquitur,
1037 2237 1171 2286 personam
1183 2226 1285 2275 Catonis
1297 2228 1379 2276 exuit.
1392 2254 1422 2262 -

359 2309 424 2372 563.
443 2309 536 2371 begam
556 2320 613 2357 cum
630 2308 752 2357 lambino
771 2315 798 2359 et
814 2309 934 2360 Ernestio
954 2325 1028 2361 «uon
1049 2320 1099 2362 tam
1116 2312 1181 2362 ocuti
1201 2332 1213 2357 u
1229 2326 1276 2375 pro
1294 2317 1373 2362 acute
1392 2342 1423 2350 -

359 2395 526 2444 t'onsentiuut
543 2394 658 2444 editores
673 2395 699 2444 in
718 2396 835 2445 delendis
855 2397 957 2447 verbis:
978 2400 1045 2462 «qui
1058 2399 1245 2450 arbitrabantur
1260 2420 1268 2440 r
1284 2399 1378 2449 additis
1389 2402 1421 2449 ab

358 2486 446 2547 ignaro
457 2483 563 2533 lectore.
576 2510 607 2518 —
622 2483 681 2532 Voc.
694 2485 832 2546 superiores
843 2486 953 2536 debetur
965 2487 1041 2536 etiam
1053 2487 1197 2538 seboliastae
1211 2488 1349 2550 explicanti
1361 2502 1422 2550 pro·

358 2573 537 2628 uomendum,
556 2573 624 2635 qnod
645 2571 708 2621 vidit
727 2573 855 2631 Halmius,
881 2582 946 2625 teste
967 2576 1077 2625 Baitero.
1110 2578 1136 2625 lu
1158 2583 1266 2639 utroque
1285 2590 1347 2635 casu
1360 2578 1421 2627 nibil

354 2661 444 2721 juvant
455 2660 567 2710 codices.
1142 2722 1146 2727 Ι

387 2747 472 2806 xxiv,
487 2747 549 2809 565.
562 2746 666 2808 begam,
680 2752 800 2795 mouente
813 2744 927 2801 Baitero,
943 2744 1008 2807 eqtri
1019 2744 1086 2794 enim
1099 2744 1157 2801 boc,
1169 2752 1218 2794 ete.
1230 2765 1241 2788 »
1255 2757 1300 2807 pro
1313 2747 1377 2809 pub.
1391 2772 1421 2782 —·

357 2832 423 2896 566.
435 2832 542 2883 Codices
553 2831 674 2881 omittunt
685 2830 834 2893 particulam
853 2831 920 2879 inter
931 2830 1058 2892 conseram
1077 2837 1104 2880 et
1116 2844 1190 2880 orrum
1201 2834 1289 2887 tuum,-
1305 2832 1421 2882 editores

332 2983 338 2994 ι
354 2921 452 2970 addunt
463 2923 547 2969 auum
557 2931 614 2982 quae
626 2919 708 2981 potuit
726 2918 846 2970 excidere
857 2925 916 2969 ante
927 2932 1015 2977 ovum,
1028 2926 1056 2968 ut
1070 2917 1250 2969 animadvertit
1267 2918 1419 2982 Madvigius,

356 3008 400 3070 qui
411 3006 619 3071 interrogationis
630 3014 717 3057 notam
728 3007 827 3057 addidit
838 3014 896 3070 post
908 3021 963 3058 voc.
976 3007 1074 3071 equali.
1087 3006 1143 3070 ligo
1154 3006 1253 3056 malim:
1266 3006 1420 3057 «conseram

356 3096 433 3147 etiem
446 3117 467 3145 ».
480 3123 509 3132 -
523 3096 672 3147 Sententia:
692 3113 706 3139 a
719 3095 781 3145 nibil
793 3102 835 3146 est
850 3096 919 3159 quod
936 3103 986 3145 tam
998 3095 1106 3144 miseros
1118 3093 1194 3145 iaciat
1204 3106 1285 3157 quam
1302 3094 1421 3158 impietas

356 3193 383 3235 et
394 3185 479 3235 scelus
493 3206 503 3227 ·
526 3186 553 3234 iu
565 3186 649 3250 fronte
661 3184 735 3245 cujus
752 3185 850 3235 addunt
865 3183 909 3233 alii
920 3184 1024 3234 codices
1041 3183 1075 3245 si,
1088 3183 1132 3234 alii
1142 3184 1198 3239 red:
1214 3183 1296 3234 aliena
1307 3187 1350 3232 est
1361 3183 1387 3231 b.
1413 3219 1419 3232 .

356 3286 402 3323 sen
412 3273 497 3336 potius
504 3273 621 3335 molesta,
629 3280 655 3322 at
666 3286 726 3323 vero
736 3279 794 3334 post
805 3271 899 3322 verba:
912 3288 925 3315 n
933 3270 1083 3321 exstinctam
1091 3271 1178 3334 cupit»
1194 3270 1368 3322 transferenda
1381 3273 1419 3321 vi-

270 3361 282 3372 “’
357 3361 443 3421 detur,
453 3360 540 3411 addito
551 3375 620 3419 nom,
630 3361 668 3410 vel
679 3360 755 3419 caim,
763 3367 821 3422 post
833 3359 896 3409 nibil
904 3359 1002 3423 est-5
1009 3359 1050 3409 67.
1059 3359 1130 3422 Lego
1137 3373 1195 3411 cum
1204 3359 1326 3411 lambino
1333 3368 1360 3411 et
1369 3361 1421 3410 Bai·

356 3457 424 3499 tero:
433 3451 534 3512 «atquo
543 3456 671 3510 utantur»,
678 3453 766 3498 contra
774 3447 879 3498 codices
886 3447 953 3509 apud
961 3459 1026 3510 quos
1034 3446 1142 3510 legitur:
1153 3448 1205 3497 «ud
1212 3448 1280 3510 quod
1288 3454 1419 3508 utuntur-3

356 3536 433 3586 iidem
452 3536 513 3587 dant
525 3536 600 3599 paulo
614 3535 679 3585 inira
693 3534 762 3584 «alia
778 3534 806 3583 in
820 3533 914 3594 aliisi:
930 3534 977 3584 sed
988 3535 1123 3586 delendam
1135 3548 1195 3585 esse
1212 3535 1418 3598 propositionem

355 3623 516 3675 manifestum
528 3630 584 3680 est,
604 3623 673 3686 quod
684 3621 745 3672 lecit
757 3622 888 3681 Baiterus‚
908 3630 1029 3673 mouente
1041 3622 1176 3687 lladvigio.
1188 3650 1219 3659 -
1231 3624 1243 3685 5
1254 3624 1295 3674 66.
1311 3624 1419 3675 Codices

355 3712 451 3764 babent
463 3728 471 3760 :
485 3719 582 3775 «atque
594 3722 655 3761 usus
667 3711 756 3760 eadem
768 3711 867 3761 ratione
878 3724 928 3774 qua
939 3724 996 3761 sum
1009 3713 1083 3774 paulo
1094 3719 1153 3762 aute
1166 3712 1296 3763 baerebitis
1310 3727 1337 3772 »3
1350 3715 1418 3763 uude

354 3802 468 3852 editores
480 3800 638 3851 recentiores
648 3797 809 3850 effecerunt:
830 3799 937 3864 «ltaque
956 3813 1045 3851 rursus
1060 3801 1150 3852 eadem
1169 3800 1281 3861 ratione,
1301 3814 1348 3865 qua
1361 3814 1418 3851 sum

355 3891 430 3952 paulo
440 3875 500 3940 ante
511 3901 583 3948 usus,
597 3888 734 3939 baerebitis.
749 3907 762 3934 u
781 3888 837 3953 Ego
850 3903 911 3940 vero
922 3890 1024 3940 malim:
1046 3910 1056 3932 ι
1070 3895 1146 3953 atque
1159 3902 1261 3951 rursus,
1274 3890 1364 3940 eadem
1377 3903 1417 3938 ra-

355 3980 425 4029 tione
443 3976 509 4036 (scil.
522 3976 601 4038 ubas)
613 3988 661 4039 qna
673 3989 730 4027 sum
743 3977 817 4040 paulo
828 3984 887 4028 ante
899 3990 974 4039 usus,
987 3978 1127 4028 haerebitis.
1142 3997 1152 4019 ι

354 4097 356 4101 -
388 4066 461 4115 xliv.
477 4064 587 4116 Verbis:
609 4086 619 4108 «
633 4065 714 4116 officia
727 4066 806 4117 ritae»
826 4066 900 4117 lacile
912 4066 1020 4125 carebo,
1033 4078 1090 4130 quae
1100 4064 1164 4115 mibi
1176 4065 1295 4115 videntur
1306 4066 1417 4127 epitome

355 4153 510 4218 marginalis.
523 4180 554 4191 -
565 4155 577 4217 5
588 4154 628 4205 69,
642 4155 688 4206 llic
699 4155 762 4206 satis
773 4154 934 4207 manifestum
950 4156 1059 4219 geminae
1069 4156 1256 4206 enunciatiouis
1272 4155 1418 4217 exemplum

356 4243 499 4293 babemus:
525 4243 613 4294 Cicero
633 4243 703 4306 prius
719 4243 880 4306 scripserat:
907 4243 1042 4293 «sublatis
1064 4242 1155 4293 ciliciis
1177 4244 1312 4302 omnibus;
1336 4242 1417 4293 officia

355 4338 440 4381 autem
463 4332 617 4383 tollebantur
642 4332 744 4383 delectu
768 4333 837 4381 omni
863 4340 889 4382 et
914 4332 1061 4383 discrimine
1081 4340 1200 4392 remoto;
1231 4346 1262 4382 ex
1288 4331 1344 4381 istis
1370 4344 1417 4379 an·
