3325 5159
303 571 339 629 60
467 569 703 630 Tmcunnunuurr
717 580 948 630 nrsrumrrorruu
962 570 1091 642 l,x-xr1,
1105 569 1202 631 20·38.

301 708 376 759 lecit:
396 726 409 754 «
423 714 450 761 et
460 708 591 760 ani-onos
602 715 628 759 et
640 708 707 759 bene
718 708 844 760 animatos
860 716 887 759 et
902 722 933 759 ex
945 708 1024 760 nuimi
1034 708 1162 760 sententia
1171 727 1185 755 ι
1201 721 1309 773 prorsus
1319 711 1369 763 de-

299 799 374 849 leam.
392 798 419 849 ld
431 798 547 862 spurium
557 810 616 848 esse
629 798 725 861 primus
737 798 801 849 vidit
812 798 963 861 Sebinnus,
976 798 1039 849 illud
1051 805 1137 850 tumen
1148 805 1236 850 tuetur
1247 799 1367 865 occidus,

300 894 327 937 at
338 887 411 940 uncis
422 886 526 937 inclusit
538 887 663 937 balterus.

331 975 361 1027 x.
378 975 519 1028 Addiderat
536 976 661 1030 Manutius
676 977 837 1041 supplicem,
858 984 916 1041 post
931 990 982 1041 cnr,
1001 976 1074 1042 quod,
1086 976 1119 1028 ab
1137 976 1195 1028 aliis
1214 976 1367 1033 admissum,

297 1066 374 1120 etiam
385 1067 418 1116 ab
430 1066 534 1128 Orelllo‚
547 1054 715 1117 omittendum
726 1066 827 1117 censuit
839 1068 965 1130 illelmus,
983 1055 1103 1131 quoniam
1114 1057 1195 1117 'unlus
1205 1057 1318 1118 bominis
1329 1078 1369 1123 est

298 1157 398 1221 opinio,
417 1169 468 1206 uoo
486 1155 560 1217 vulpe
577 1155 626 1204 lroc
645 1155 795 1218 putabatur3
819 1156 888 1206 idem
905 1155 1042 1206 dicendum
1060 1161 1088 1205 et
1098 1154 1244 1206 iaciendum
1259 1155 1293 1207 de
1303 1168 1367 1207 voce

298 1250 388 1313 lpum,
396 1259 453 1311 quae
460 1247 493 1297 ad
500 1246 610 1295 Zenonis
617 1245 763 1308 opinionem
772 1245 1054 1297 refertum-Fortasse
1062 1245 1215 1309 legendum:
1230 1244 1368 1308 «proxime

298 1345 383 1386 autem
396 1335 565 1385 Aristoxenus
575 1369 649 1383 .....
663 1334 744 1397 ipsius
755 1334 872 1397 corporis
884 1334 1054 1385 intentionem
1066 1334 1200 1395 quamdam
1212 1334 1285 1393 uelit,
1301 1338 1331 1384 ut
1342 1333 1369 1383 ln

297 1430 373 1475 centu
390 1431 417 1473 et
428 1422 522 1473 fidibus
540 1435 596 1487 quae
608 1423 740 1473 bar-monia
752 1423 856 1483 dicitur,
872 1428 897 1473 et
912 1424 949 1473 sic
967 1436 999 1473 ex
1011 1422 1129 1487 corporis
1140 1422 1220 1474 totius
1237 1430 1329 1474 natura
1342 1429 1369 1473 et

298 1513 377 1577 ligura
390 1512 474 1563 rarius
485 1512 563 1573 animi
576 1512 645 1577 (add.
658 1512 771 1576 Scbirtz.)
783 1520 868 1564 motus
879 1512 956 1576 cieri,
970 1520 1097 1577 umquam
1113 1514 1141 1563 iu
1151 1521 1229 1564 cautu
1239 1526 1329 1566 sonos.
1337 1538 1368 1552 -

301 1602 367 1667 310.
386 1602 525 1652 Manutium
542 1614 645 1666 sequar,
664 1609 784 1660 monente
800 1603 1003 1667 Wesenbergio‚
1017 1603 1162 1667 legentem:
1176 1604 1304 1669 «negarit
1310 1616 1369 1655 esse

300 1693 401 1743 ullum»
413 1706 460 1755 pro
472 1692 541 1755 vulg.
553 1692 613 1743 lect.
626 1706 722 1743 cerum.
735 1693 808 1743 coni.
821 1694 898 1744 Acad.
913 1692 943 1755 lt,
959 1693 1013 1744 tet.

332 1783 374 1846 lll,
392 1782 455 1847 §ii
468 1783 567 1833 Abesse
580 1790 665 1845 potest
676 1783 768 1841 dicem,
782 1789 840 1845 post
858 1803 868 1826 ι
882 1782 947 1842 Quid
960 1783 991 1833 de
1004 1782 1168 1834 Dicaearcho?
1182 1805 1194 1828 »

331 1872 397 1934 xttl,
409 1873 421 1935 ᾖ
432 1872 473 1922 29.
491 1871 568 1922 Balsio
580 1872 707 1922 emittenti
720 1872 796 1931 nolu,
817 1880 875 1934 post
887 1872 951 1931 binc,
972 1872 1065 1923 merito
1076 1873 1219 1923 obsecutus
1227 1879 1270 1926 est
1282 1872 1369 1925 Balte-

305 1975 358 2013 rus.
378 1987 402 1999 -
423 1962 492 2011 ldem
516 1960 646 2025 egregiam
666 1960 741 2011 Keilii
759 1961 948 2011 correctionem
966 1961 1070 2011 admisit
1087 1960 1213 2025 legentis:
1237 1978 1252 2007 u
1265 1960 1369 2013 tractari

301 2055 383 2113 coepu
401 2054 460 2099 sunt
474 2069 502 2111 ι,
523 2062 569 2111 pro
584 2047 661 2098 codd.
677 2047 788 2097 lectione
807 2066 821 2094 u
835 2054 944 2098 tractare
963 2048 1102 2111 coepissent
1112 2068 1134 2099 n.
1146 2075 1177 2085 -
1193 2049 1206 2111 5
1225 2049 1265 2100 30.
1284 2048 1368 2099 mun

301 2139 398 2203 legere,
409 2144 439 2188 ut
450 2136 561 2198 coniecit
572 2136 707 2196 boherius,
727 2137 836 2187 mirante
848 2136 952 2196 0111110,
971 2136 1095 2200 probante
1107 2137 1184 2189 Baklo
1196 2152 1203 2186 ε
1223 2157 1233 2180 ι
1247 2143 1294 2189 ent
1303 2149 1368 2189 cou-

300 2240 388 2277 sessus
403 2246 431 2288 ·,
448 2239 523 2290 quarn
535 2226 673 2276 excludere
692 2246 703 2269 «
715 2232 760 2276 aut
770 2238 913 2277 cousensus
928 2220 1042 2289 »,'quod
1054 2227 1146 2277 merito
1156 2232 1308 2290 suspectum
1319 2231 1367 2278 est.

299 2314 524 2378 -Weseuberglo
541 2327 592 2365 non
611 2314 739 2364 assentior
746 2313 869 2364 Orellinm
881 2313 994 2365 laudanti
1005 2315 1083 2379 quod,
1099 2314 1367 2377 comtemnentibus,

301 2407 393 2471 legerit
405 2407 458 2469 troc,
474 2419 519 2469 pro
530 2406 591 2468 boec,
611 2406 637 2455 in
652 2405 780 2456 sententia
793 2420 800 2453 r
815 2426 825 2449 «
840 2407 923 2469 Atque
940 2406 992 2455 ltaee
1004 2406 1039 2455 ita
1057 2405 1182 2456 sentimus
1199 2412 1292 2457 natura
1302 2407 1368 2459 duce

300 2495 367 2545 nulla
386 2496 484 2546 ratione
502 2494 619 2558 nullaque
638 2495 754 2545 doctrina
768 2514 791 2543 ι.
811 2494 934 2555 Quoniam
952 2494 985 2544 de
1001 2494 1090 2545 dolore
1108 2494 1180 2545 etde
1191 2494 1367 2561 luctuassitnr,

300 2585 406 2636 uerbum
417 2585 509 2635 sentire
521 2584 562 2634 bic
575 2584 744 2647 prejudicare
756 2597 807 2634 nou
818 2591 965 2648 usurpatur,
977 2586 1046 2649 quod
1059 2585 1146 2636 uerbis
1162 2604 1173 2627 «
1187 2584 1368 2638 nulla-rabone

302 2673 421 2737 nullaque
432 2673 549 2724 doctrina
563 2692 573 2715 ι
592 2672 791 2723 demonstratur.

330 2762 393 2820 xlv,
406 2762 469 2824 53¹.
480 2760 542 2811 voc.
551 2764 711 2811 monumenta
722 2761 790 2811 inter
800 2760 973 2825 sepulcrorum
984 2769 1010 2814 et
1022 2763 1111 2826 clonia,
1123 2764 1192 2827 quod
1203 2762 1367 2815 manliostum

299 2850 426 2913 glossema
438 2849 542 2901 criticos
553 2848 650 2900 diutius
660 2848 770 2913 fugerat,
783 2850 880 2912 primus
887 2851 992 2902 seclusit
999 2851 1160 2916 Tregderns;
1172 2864 1280 2915 prorsus
1287 2852 1368 2906 delcrl

302 2944 399 3001 potest.
752 2956 754 2960 ⁷
1294 2975 1297 2982 Δ

328 3028 380 3090 XV,
398 3028 463 3093 531.
485 3028 660 3093 interrogandi
675 3029 780 3093 'signum
800 3043 892 3094 ponam
911 3038 969 3093 post
987 3031 1087 3082 verbu:
1108 3049 1121 3076 c
1136 3030 1200 3093 Quld
1220 3032 1291 3083 enim
1308 3032 1368 3084 Pbi-

299 3119 355 3170 dios
369 3140 390 3168 ι.
403 3146 434 3157 -
448 3118 561 3169 Verbum
578 3118 677 3169 iaciunt
695 3119 800 3170 uocibus
820 3140 832 3163 «
852 3120 893 3170 sui
910 3120 1019 3170 similem
1038 3120 1176 3183 speciem»
1195 3134 1247 3171 uon
1258 3133 1368 3185 respon·

300 3208 359 3268 det;
377 3207 434 3271 lego
447 3209 472 3256 in
485 3206 600 3270 margine
612 3206 697 3257 Sebol.
710 3208 834 3271 llypornn.
848 3207 918 3257 balii
930 3214 992 3258 tom.
1003 3208 1043 3270 lv,
1064 3221 1121 3272 pag.
1134 3209 1175 3268 16,
1193 3208 1368 3273 conjecturem

299 3294 428 3359 insculpsit
449 3310 465 3343 a
480 3295 590 3357 qrrodam
609 3294 710 3344 erudito
726 3295 822 3346 lectore
841 3295 976 3359 scriptam,
999 3309 1055 3360 quae
1074 3296 1137 3347 mibi
1155 3296 1239 3360 aptior
1255 3296 1368 3350 ridetur.

300 3411 329 3419 -
341 3384 435 3446 Legum
453 3383 577 3445 deinceps
595 3396 696 3447 «quum
715 3383 858 3434 inscribere.
877 3397 971 3435 nomen
987 3385 1120 3445 liceret»,
1137 3385 1238 3437 scilicet
1252 3386 1369 3449 quamtis

299 3471 389 3522 liceret
406 3472 549 3523 inscribere
561 3485 672 3536 nornen,
689 3472 777 3523 maluit
788 3474 828 3523 sui
841 3473 950 3538 effigiem
962 3475 1123 3537 insculpere,
1136 3475 1169 3527 de
1181 3474 1293 3526 nominis
1304 3473 1369 3526 bmu

301 3572 417 3611 securus

331 3648 394 3708 11111,
406 3650 418 3712 5
429 3649 471 3699 36.
483 3650 512 3699 lli
524 3650 656 3713 stephani,
669 3654 789 3710 terrores,
802 3664 849 3714 pro
861 3665 972 3710 errores,
991 3651 1111 3715 legentis,
1131 3651 1307 3714 conjecturam
1316 3665 1368 3704 non

301 3738 438 3802 negligam.
456 3763 487 3775 -
505 3738 571 3801 537.
589 3739 671 3789 Verba
696 3759 709 3785 a
723 3741 791 3791 unde
807 3740 898 3791 animae
917 3740 1089 3791 excitantur·
1113 3754 1172 3791 cum
1194 3740 1225 3791 0.
1243 3727 1369 3801 Ribbeck}

299 3829 416 3881 Ciceroni
434 3829 569 3893 relinqu03
590 3830 637 3881 sed
655 3829 764 3881 incisum
783 3831 935 3895 «imagines
952 3840 1111 3882 mortuorum
1124 3851 1154 3894 u,
1173 3832 1211 3883 sic
1227 3832 1324 3896 legitur
1341 3833 1369 3883 in

299 3918 447 3981 codicibus,
472 3918 535 3969 mibi
547 3918 648 3969 ridetur
665 3919 756 3970 referri
771 3920 804 3970 ad
823 3932 853 3969 ee
872 3932 929 3984 que
940 3928 1092 3984 sequuntur,
1109 3920 1183 3984 quasi
1197 3920 1325 3973 sebolion.
1337 3948 1370 3959 -

298 4007 312 4069 5
323 4006 363 4055 38.
373 4006 495 4069 Suspicor
502 4006 755 4069 quoddamrerbum,
763 4007 838 4070 quale
848 4008 1010 4066 existimesne,
1022 4007 1101 4059 lutere
1114 4009 1140 4059 in
1151 4009 1368 4073 permutantem,

297 4094 365 4156 quod
377 4094 456 4143 uerbo
468 4094 531 4144 dicit
541 4094 732 4157 opponebatnr;
744 4096 842 4146 etenim
854 4096 943 4146 elicisse
955 4096 1065 4160 intelligi
1077 4110 1129 4147 uon
1141 4104 1235 4160 potest,
1248 4098 1370 4162 quoniam

297 4181 459 4244 Pherecydes
471 4181 568 4244 primus
585 4182 655 4233 dicit.
672 4184 757 4247 ltaque
777 4183 844 4234 ualet
864 4184 960 4235 «ertu
973 4204 996 4234 ι.
1011 4211 1040 4223 ι-
1059 4185 1151 4236 ilerito
1166 4186 1273 4237 seclusit
1286 4188 1370 4252 Treg-

296 4271 374 4321 derue
386 4282 442 4319 roc.
451 4270 615 4329 terroremue
628 4271 769 4336 disciplina,
783 4273 950 4336 probantibus
962 4273 1072 4337 sauppio
1085 4280 1111 4326 et
1120 4274 1230 4335 Baitero,
1242 4281 1370 4327 renuente

298 4356 501 4422 Wesenbergi03
515 4359 643 4423 glossema
655 4360 946 4413 mtroaisauetorttotc.
1313 4391 1316 4398 ·
