3325 5159
301 576 329 619 tv
766 573 896 617 LECTORI.

339 700 531 756 Verumtamen
546 715 601 756 riou
613 715 646 755 ea
659 704 697 756 est
714 699 907 756 Tuttiauorum
920 701 1085 771 scriptorum
1099 700 1227 768 conditio,
1244 706 1273 756 ut
1289 701 1360 756 reiicit

300 802 348 852 out
359 797 487 867 paullum
498 796 614 866 supersit
631 796 701 853 artis
720 797 821 853 critica
836 797 986 853 cultoribus
1000 797 1178 868 (efficiendum.
1196 798 1261 862 Qeris
1277 801 1360 854 rescit

301 900 532 966 procurramus
554 909 662 951 errores
681 894 804 965 prodant
827 895 870 950 oet
893 895 1069 951 uetustissimi
1086 896 1128 950 oet
1155 897 1359 952 accuratissime

299 994 393 1063 scripti
406 993 528 1049 cortices?
543 992 609 1057 Quis
625 996 717 1048 autem
740 992 789 1047 troo
802 992 905 1047 mirari
922 997 1007 1063 potest
1026 996 1161 1062 quautam
1174 995 1301 1063 temporis
1315 996 1359 1048 tu·

300 1092 446 1148 teruattum
459 1092 532 1146 iuter
546 1091 615 1160 ipsos
628 1091 774 1160 scriptores
787 1089 910 1160 elapsum
923 1090 958 1146 sit
972 1095 997 1146 et
1019 1090 1131 1146 ruiaime
1141 1096 1259 1147 recemtes
1273 1092 1358 1147 tioro-

301 1193 357 1246 rios
369 1190 520 1260 reputans?
533 1189 617 1254 Quem
624 1189 734 1259 supiuut
744 1190 815 1244 maai
824 1190 872 1259 qui
881 1195 939 1245 tum
949 1189 1161 1259 auctorisipsius
1170 1189 1293 1258 scitatus,
1303 1194 1361 1245 tum

297 1290 405 1360 primas
428 1289 584 1345 scriturum
605 1289 813 1359 perscriptimees
842 1289 952 1358 iuficere
977 1289 1082 1345 soleret?
1101 1289 1147 1359 qui
1165 1290 1235 1344 uari
1258 1296 1360 1360 proauita

300 1387 452 1457 arcatores,
467 1392 569 1458 quauta
578 1388 726 1457 luciliacus,
738 1392 840 1459 quanto
854 1387 1052 1458 frequentiores
1061 1388 1117 1444 ittis
1127 1388 1291 1459 temporibus
1305 1402 1359 1443 esse

301 1485 433 1542 debebant
447 1501 530 1557 quam
540 1492 635 1543 mostra
647 1492 736 1553 atate,
747 1502 807 1558 pua
826 1491 918 1542 tamem
932 1486 1099 1542 multimodis
1109 1486 1143 1541 tis
1156 1487 1276 1542 otreoaia
1288 1487 1344 1541 est!

338 1583 521 1648 Quamobrem
543 1599 599 1639 mou
626 1583 794 1653 acropautia
817 1584 860 1639 aet
875 1584 1034 1640 temeritatis
1061 1584 1165 1639 crimem
1182 1583 1362 1640 mererimitei

301 1682 406 1753 videor,
431 1684 488 1754 qui,
505 1690 566 1754 post
589 1687 746 1753 tottamoue
759 1683 851 1753 tetices
867 1688 978 1739 comatus
992 1682 1278 1753 Tattiauascriptoot
1288 1684 1362 1752 pris-

302 1782 389 1837 tiuam
409 1783 531 1851 torosam
548 1782 707 1849 revocanti,
722 1782 800 1837 mauis
823 1781 1091 1851 toouptetissimispue
1108 1780 1236 1837 subsidiis
1263 1782 1361 1849 fretrus,

302 1894 361 1949 qua
384 1879 453 1936 mitt
473 1880 576 1951 scripta
601 1880 690 1936 uostri
714 1879 835 1936 auctoris
862 1878 982 1936 studiose
1007 1885 1087 1950 atque
1101 1879 1195 1937 sedato
1217 1882 1315 1951 tepenti
1334 1883 1362 1937 iu

302 1980 417 2032 mertem
431 1976 574 2033 saticrumt
596 1976 691 2033 varias
710 1977 830 2033 rationes
848 1977 899 2032 itta
919 1976 949 2033 iu
961 1976 1102 2034 meliorem
1119 1976 1300 2033 coaditiouem
1318 1994 1362 2033 re·
1436 2000 1437 2003 ¹

303 2075 420 2131 duceuii
441 2076 583 2131 doctorum
605 2075 745 2147 supropiis
774 2089 916 2146 proporro;
943 2076 968 2132 si
986 2075 1065 2131 moto
1103 2076 1153 2132 tias
1179 2084 1253 2132 meas
1280 2091 1362 2132 curas

304 2173 432 2230 teruaota
442 2177 530 2229 moute
541 2177 714 2243 pertractare
726 2173 800 2242 retis,
814 2188 864 2229 mec
878 2188 921 2229 me
932 2188 983 2244 per
996 2174 1070 2230 uiam
1084 2173 1288 2229 uoreiusotitam
1302 2174 1368 2243 qui·-

303 2277 365 2332 ctcm
386 2273 433 2331 sei
455 2272 578 2330 timidius
591 2273 751 2343 sepuiusaue
773 2274 891 2343 tortasse
906 2277 1039 2329 temtatam
1056 2273 1182 2329 comitari
1195 2273 1360 2342 asperseris.

309 2375 380 2433 Vota.

704 3412 843 3471 constat),
860 3411 965 3460 SOBES:

520 3560 570 3612 rag.
582 3558 615 3666 ὅ,
630 3558 645 3599 l.
659 3556 694 3665 g,
709 3556 782 3663 cgjus.
795 3585 820 3661 ξι.
831 3586 836 3595 ,
846 3565 951 3661 vorubpcr}³
960 3554 1019 3661 aterod.
1030 3583 1050 3596 ..
1066 3551 1122 3595 vocis

534 3715 560 3721 -
584 3655 616 3741 19:
629 3624 645 3732 i.
661 3654 694 3740 16:
708 3632 891 3743 ῖῐέιᾞιηῑιὲἷέηἰέ
903 3631 943 3741 ptris
952 3631 1134 3742 tegumentorum,

534 3781 560 3789 -
582 3757 644 3823 3621.
660 3755 695 3807 37,
709 3754 814 3811 prudentia
825 3765 866 3808 pro
881 3754 980 3797 sententia
1004 3817 1007 3822 .
1025 3809 1033 3820 ι
