3325 5159
297 563 331 618 68
462 560 696 617 Tuscutauanuu
711 572 952 630 normanorum,
970 560 1020 630 ill,
1038 573 1119 629 terr,
1135 559 1196 618 ³·8.

295 706 334 748 est
346 699 380 748 ob
391 699 443 761 adj.
455 698 555 762 quidam
568 704 594 749 et
606 699 791 748 restituendum
805 706 863 761 post
874 700 1003 748 irrorares.
1018 698 1133 748 balterus
1143 696 1250 759 scripsit
1263 712 1270 743 :
1283 714 1297 740 a
1310 696 1366 747 bar·

297 788 352 836 bari
363 788 464 849 quidam
476 794 503 837 et
515 787 640 837 immanes
652 787 730 844 ferro,
738 795 788 836 etc.
800 808 810 829 ι
824 814 855 823 -
867 787 1023 837 ilembrum:
1033 790 1086 836 «At
1096 786 1192 835 Cimbri
1204 793 1233 835 et
1244 784 1367 835 celtiberi

297 878 323 925 in
333 876 429 938 proeliis
440 877 565 937 exultant,
575 875 778 925 lamentanturin
792 876 903 927 morbo·
916 876 1027 925 alienum
1040 874 1123 924 locum
1135 874 1301 936 usurpavisse
1315 886 1367 922 ma·

298 963 417 1013 niiestum
432 972 486 1023 est;
504 963 709 1016 transferendum
729 972 768 1014 est
785 977 872 1027 supra,
891 971 948 1027 post
970 978 1041 1014 ·non
1052 970 1150 1026 querant
1162 979 1192 1019 ι,
1211 962 1323 1025 legendo
1340 967 1366 1010 rt

298 1053 509 1114 mmmm

677 1712 790 1777 llllElt
816 1711 987 1776 ruallus

330 2126 363 2182 ll,
381 2125 430 2189 53.
448 2125 596 2174 Ciceronem
615 2124 750 2186 scripsisse
770 2126 881 2186 opinor:
902 2133 955 2175 «ut
974 2126 1049 2176 uobis
1068 2127 1166 2190 optime
1184 2135 1284 2178 naturae
1302 2128 1366 2178 riam

304 2217 388 2265 inlitae
409 2214 542 2264 rideantur
554 2233 574 2259 ι.
600 2212 649 2263 atil
668 2211 715 2261 alia
733 2212 881 2274 conjiciunt.
898 2240 930 2250 -
948 2214 1072 2264 Libenter
1089 2228 1147 2264 eum
1166 2215 1243 2266 Balaio
1262 2216 1366 2279 legam:

305 2327 314 2347 ι
329 2317 465 2367 veramque
477 2302 545 2352 illam
557 2303 716 2352 honestatem
729 2315 780 2350 esre
789 2306 881 2364 putans
894 2320 921 2360 n,
935 2313 981 2364 pro
993 2302 1062 2366 vulg.
1074 2311 1198 2367 expetens,
1212 2311 1369 2355 etmoueute

300 2392 409 2451 Baitero,
422 2398 520 2439 serrata
534 2402 596 2439 roee
609 2390 720 2451 uirtutis,
738 2396 796 2452 post
808 2389 928 2451 effipiam,
947 2389 1046 2439 deleam
1059 2389 1144 2452 plorioe
1156 2399 1214 2453 post
1225 2391 1369 2454 imupinem.

297 2504 329 2517 -
341 2480 354 2544 5
366 2481 390 2529 4.
410 2479 495 2527 Malim
514 2478 619 2541 legere:
637 2496 650 2521 a
663 2490 712 2539 qua
730 2477 850 2527 inanitate
863 2496 893 2535 ι,
911 2484 938 2528 ut
950 2476 964 2541 5
977 2478 1116 2539 superiori,
1137 2493 1183 2541 pro
1202 2480 1328 2529 ceminio.
1338 2506 1368 2515 -

299 2568 410 2617 lieleuda
422 2566 559 2616 censebam
572 2565 648 2615 rerba
662 2581 668 2613 :
689 2585 698 2607 ι
711 2566 779 2628 quod
795 2565 976 2628 insipientibus
988 2567 1114 2630 contingit
1125 2567 1244 2617 omnibus
1256 2582 1285 2628 »3
1301 2567 1369 2618 idem

298 2657 433 2717 opinantur
446 2655 547 2715 Balciam,
560 2654 676 2712 licinius,
690 2653 815 2711 Baiterus,
827 2654 871 2716 qui
884 2668 914 2702 ea
926 2655 1041 2704 seclusit.

328 2744 369 2802 lll,
383 2745 429 2805 55.
448 2744 538 2793 Merito
551 2743 654 2792 Baliium
665 2750 790 2805 sequutus
801 2750 841 2792 est
854 2743 969 2792 ilaiterus
982 2744 1128 2806 legentem:
1144 2764 1154 2787 «
1170 2744 1221 2794 Hoc
1232 2744 1304 2795 enim
1314 2746 1370 2809 ipso

298 2832 380 2881 odiosi
396 2838 480 2880 suut»
499 2844 544 2893 pro
562 2830 630 2893 vulg.
649 2831 727 2881 lect:
747 2832 804 2880 «Hi
820 2832 889 2881 enim
902 2832 958 2895 ipsi,
968 2839 1018 2881 etc.
1036 2851 1065 2894 a,
1082 2844 1139 2895 quae
1151 2832 1261 2883 absurda
1277 2839 1327 2883 est.
1340 2860 1371 2870 -

297 2920 324 2970 Si
335 2934 393 2970 eum
406 2920 483 2970 Balio
495 2920 566 2983 legas
577 2920 644 2983 ipae,
667 2931 713 2981 pro
724 2921 821 2984 ipsum,
841 2919 904 2970 uilril
917 2934 982 2983 opus
993 2933 1098 2971 serrare
1110 2921 1224 2979 animm,
1243 2929 1302 2983 post
1313 2934 1370 2972 roc.

297 3009 412 3071 corporis.
432 3035 458 3043 -
473 3008 569 3059 Deinde
589 3008 725 3072 legendnm
739 3010 829 3071 opinor
844 3024 851 3056 t
874 3030 883 3051 ι
898 3022 1007 3071 cumque
1018 3009 1050 3058 ad
1064 3021 1199 3070 corporum
1210 3009 1371 3059 sanationem

300 3097 405 3147 multum
419 3097 472 3159 ipsa
485 3111 546 3147 curo
563 3096 674 3159 (scilicet
684 3098 815 3147 medicinati
834 3106 861 3148 et
872 3104 962 3147 natura
975 3095 1058 3146 valeat
1072 3116 1099 3158 ι,
1117 3109 1164 3159 pro
1177 3110 1283 3159 corporo
1298 3096 1372 3161 cujus

298 3186 477 3248 compendium
489 3186 572 3234 errori
584 3185 710 3248 originem
726 3186 815 3245 dedit;
832 3186 900 3248 quod
913 3184 1052 3249 significari
1065 3184 1166 3235 ridetur
1178 3183 1260 3235 inciso
1274 3199 1282 3232 t
1299 3202 1314 3230 u
1325 3185 1371 3247 qui

299 3274 383 3321 curor-i
393 3285 422 3322 se
435 3272 504 3335 passi
516 3272 568 3321 sint
582 3292 602 3320 ι.
615 3299 646 3307 -
658 3271 672 3335 5
683 3272 709 3321 6.
729 3272 825 3323 Viribus
845 3272 958 3322 omittam
974 3279 1033 3335 post
1043 3272 1144 3335 opibus,
1164 3284 1223 3321 cum
1239 3272 1372 3336 Tregder-o

298 3369 326 3413 et
337 3363 446 3413 Baitero.
459 3361 579 3411 Fortasse
592 3362 687 3411 excidit
698 3374 759 3424 gen.
771 3362 875 3419 mentia,
890 3362 933 3424 qul
947 3361 987 3410 riu
999 3361 1091 3411 abesse
1104 3367 1197 3424 potest.

331 3446 371 3506 lv,
384 3447 398 3511 5
410 3449 434 3497 8.
451 3446 542 3497 Alieno
555 3447 612 3497 loco
624 3448 686 3497 mibi
700 3448 788 3510 positae
800 3448 919 3498 ridentur
937 3448 1090 3498 sententiae:
1109 3466 1121 3491 a
1134 3447 1249 3507 Quonam
1267 3446 1372 3497 tandem

298 3534 390 3585 modo?
413 3534 475 3595 Quia
488 3548 580 3585 nomen
593 3536 697 3585 insauiae
715 3535 845 3599 significat
860 3536 953 3585 mentis
964 3537 1158 3599 aegrotationem
1178 3543 1205 3586 et
1215 3536 1372 3588 morbum.»

299 3621 457 3684 Quapropter
469 3635 515 3671 seu
527 3623 641 3672 omittam
655 3636 760 3685 prorsus
772 3636 818 3685 ea,
839 3624 911 3686 quasi
923 3624 954 3673 ad
967 3624 1078 3686 priorem
1091 3623 1293 3674 elaborationem
1311 3638 1373 3688 per·

300 3710 405 3759 tinentia
416 3725 423 3769 ;
440 3723 486 3759 seu
499 3709 649 3760 transieram
671 3711 745 3774 paulo
764 3710 839 3773 inira,
852 3712 866 3775 5
879 3711 922 3768 to,
944 3719 1002 3774 post
1013 3712 1184 3762 sententiam:
1204 3725 1295 3763 omnes
1306 3714 1373 3763 insi-

300 3799 400 3861 pientes
418 3812 477 3850 esse
494 3813 544 3849 non
564 3811 640 3850 sauos
654 3819 675 3847 ».
693 3799 739 3849 Vix
758 3800 827 3850 enim
844 3800 977 3863 disjungas
992 3807 1191 3863 argumentum:
1210 3801 1372 3852 «sanitatem

302 3890 387 3939 enim.
401 3924 407 3938 .
422 3924 428 3938 .
444 3924 449 3936 .
464 3889 626 3939 censebant·
646 3890 679 3939 ab
692 3890 724 3939 iis
735 3903 791 3953 quae
805 3891 838 3939 lli.
851 3889 935 3939 dixit:
955 3890 1033 3939 «Nou
1047 3889 1109 3939 mibi
1121 3889 1225 3953 quidem
1237 3889 1288 3939 soii
1302 3924 1308 3937 .
1323 3926 1329 3939 .
1344 3925 1371 3939 ..

299 3977 410 4026 manarit
424 3998 446 4023 n.
465 3977 633 4040 iuterrogatio
648 3985 734 4028 autem
753 3997 764 4021 α
779 3978 892 4037 eronam
913 3976 1008 4028 modo?
1021 3996 1033 4022 n
1051 3985 1079 4027 et
1090 3989 1263 4040 responsum:
1283 3998 1294 4019 ι
1309 3976 1371 4037 Quia

300 4073 393 4110 nomen
409 4098 415 4108 .
429 4096 434 4107 .
450 4096 477 4110 ..
502 4062 618 4112 morbum
632 4081 663 4121 r,
692 4062 870 4113 verisimiliora
891 4071 951 4114 sunt
976 4072 1033 4126 post
1051 4064 1195 4114 Stoicorum
1217 4058 1369 4136 παράδοξον.

301 4169 331 4178 -
343 4145 474 4193 Assentior
490 4146 609 4208 equidem
621 4153 675 4196 tum
689 4147 803 4197 Bentleio
820 4148 968 4197 omittenti:
988 4171 998 4191 «
1014 4149 1037 4199 id
1057 4156 1096 4198 est
1113 4149 1274 4199 insanitatem
1278 4184 1372 4197 .....

300 4231 423 4283 insaniam
438 4253 459 4294 ·‚
478 4240 530 4283 tum
543 4234 619 4285 baldo
630 4236 726 4286 delenti
740 4252 745 4285 :
764 4255 777 4280 a
790 4236 884 4287 Omnes
896 4244 981 4287 autem
995 4238 1199 4299 perturbationes
1213 4274 1218 4286 .
1234 4274 1239 4285 .
1255 4237 1373 4299 ..igitur
