3325 5159
897 467 903 497 l

546 597 587 653 lin
602 608 716 655 rrnrnus
730 612 868 656 nononuu
884 600 929 669 lv,
945 612 1007 669 vur,
1025 603 1119 659 lii-hl,
1333 606 1366 661 ta

295 734 396 783 iuuaret
412 748 441 782 oe
455 734 607 787 contineret:
627 736 712 799 itaque
732 737 828 786 omisso
845 741 970 794 lueretur,
992 738 1092 789 deleam
1111 754 1168 789 eum
1186 748 1243 803 post
1262 742 1364 793 iuuaret.

298 822 419 871 Fortasse
439 822 530 871 Cicero
553 823 624 885 prius
644 824 817 874 tantummodo
837 826 991 887 scripserat:
1017 834 1072 876 «ut
1090 841 1149 877 eum
1169 836 1284 878 tueretur
1297 849 1323 888 ι,
1341 837 1367 880 et
1425 825 1430 833 ’

297 910 423 973 deinceps
440 911 594 961 seutentiam
613 912 786 974 compleverat
803 913 942 964 scribendo
962 920 989 963 nt
1007 913 1115 978 conieci.
1136 942 1167 951 -
1185 915 1250 967 Vere
1268 918 1367 967 monuit

299 997 443 1062 Madvigius
457 1000 610 1050 sententiam
631 1010 688 1062 post
699 1001 805 1050 verbum
817 1006 961 1052 ornarentur
978 1016 1029 1054 non
1046 1002 1128 1053 solum
1149 1005 1299 1068 tautologia,
1319 1007 1365 1056 sed

298 1085 378 1136 etiam
398 1088 465 1149 turpi
482 1090 650 1150 perversitate
669 1089 799 1148 laborare,
818 1091 916 1154 siquis
935 1092 1072 1143 verborum
1092 1094 1283 1156 grammaticam
1301 1106 1366 1144 con·

295 1176 456 1237 junctionem
472 1177 591 1240 persequi
609 1178 677 1227 volet
697 1181 797 1237 (notura
810 1179 930 1228 tributum
942 1162 1082 1230 hominibus
1101 1192 1128 1231 nt
1145 1182 1286 1246 philosophi
1301 1182 1366 1231 dice-

298 1267 374 1325 rent.)
387 1264 458 1313 lluuc
469 1276 573 1328 gravem
586 1277 683 1314 naevum
695 1264 770 1316 iacile
782 1266 871 1325 tolles,
887 1266 974 1316 deleto
985 1270 1013 1316 ul
1023 1274 1082 1317 aute
1094 1269 1206 1331 coniugio
1218 1276 1245 1319 et
1256 1269 1366 1333 legendo

300 1353 414 1402 deerunt
427 1366 473 1415 pro
487 1353 611 1409 dicerent:
631 1353 668 1404 sic
680 1354 777 1403 Tullius
793 1355 957 1417 negligentiae
968 1354 1075 1404 crimine
1087 1356 1210 1405 solvetur.
1223 1383 1252 1393 ·-
1266 1357 1366 1407 Adver-

300 1441 370 1491 bium
381 1440 463 1502 lodie,
474 1450 534 1491 aute
546 1441 622 1491 verba
638 1463 647 1483 ι
663 1449 750 1503 posset
761 1425 897 1505 repugnari
912 1462 921 1483 ι
934 1481 940 1501 ,
952 1442 1063 1492 alienum
1076 1444 1138 1492 mihi
1148 1443 1247 1493 videtur
1258 1451 1366 1495 amente

298 1529 433 1591 scriptoris
446 1544 453 1588 ;
465 1528 488 1578 si
501 1529 574 1580 iaclle
587 1536 743 1592 repugnatur
755 1528 870 1591 iortnnae,
883 1530 943 1593 quid
956 1542 1021 1591 opus
1033 1538 1072 1579 est
1084 1530 1258 1593 magnitudine
1269 1530 1365 1580 auimii

301 1616 420 1667 Fortasse
433 1616 568 1679 legendum
580 1616 686 1676 sortiter.
702 1644 724 1652 -
742 1617 753 1678 t
766 1618 804 1666 18.
818 1616 939 1679 Suspicor
954 1617 1090 1680 legendum
1104 1630 1178 1666 esse:
1197 1637 1209 1661 ι
1221 1617 1305 1668 omnis
1317 1618 1366 1667 ho-

300 1710 386 1754 nestas
404 1719 448 1754 reu
468 1703 581 1766 perfecta
599 1712 653 1763 est,
672 1719 716 1754 acu
727 1704 843 1755 absoluta
856 1712 904 1766 est,
921 1724 931 1749 o
951 1704 1074 1755 alterutro
1093 1706 1204 1765 omisso,
1232 1719 1283 1756 non
1303 1720 1365 1756 vero

299 1810 312 1836 «
328 1790 441 1854 perleete
454 1792 570 1842 absoluta
584 1800 624 1842 est
637 1811 658 1840 o.

330 1879 393 1941 vill,
407 1878 421 1943 §
434 1880 473 1929 th.
490 1880 582 1930 hlerito
596 1880 659 1944 tegit
670 1879 825 1929 Lambinus:
847 1900 856 1922 r
871 1887 899 1929 ut
911 1893 939 1930 se
950 1880 1047 1930 salvum
1063 1903 1072 1923 r
1087 1882 1183 1931 omisso
1195 1885 1227 1939 et,
1241 1881 1364 1944 probante

300 1984 349 2021 uon
361 1971 521 2034 obsequente
533 1970 660 2034 iladvigio
672 1984 748 2034 quem
762 1971 877 2021 liaiterus
888 1971 1012 2021 deseruit.
1026 1998 1055 2007 -
1068 1972 1219 2021 addendum
1231 1985 1289 2022 esse
1307 1986 1365 2021 nro-

301 2059 356 2108 nuit
373 2059 489 2109 Davisius
508 2059 584 2124 quod,
606 2060 672 2109 inter
691 2074 722 2108 on
742 2066 768 2110 et
783 2074 839 2108 cum
853 2060 978 2120 omnium3
997 2061 1034 2110 sic
1054 2060 1190 2110 ediderunt
1208 2060 1318 2124 iladvig.
1340 2068 1365 2111 et

298 2146 390 2197 Baiter.
400 2174 431 2183 -
443 2147 508 2212 §itt
521 2147 618 2198 ironice
630 2147 742 2211 loquitur
753 2148 859 2209 Tullius,
873 2148 1024 2213 Stoicosque
1040 2149 1131 2199 irridet
1143 2148 1177 2198 ob
1188 2148 1363 2199 discriminum

300 2236 467 2285 subtilitatem
480 2236 573 2299 quibus
585 2243 705 2293 utuntur:
719 2244 744 2287 at
756 2237 873 2299 graviora
885 2237 985 2286 diceret
997 2249 1071 2299 quam
1088 2236 1148 2293 vult,
1167 2236 1187 2285 si
1196 2236 1228 2286 iis
1240 2235 1366 2286 tribueret

301 2335 357 2386 qnae
368 2323 402 2373 de
413 2322 480 2387 bona
492 2322 651 2384 valetudine,
671 2324 703 2373 de
715 2323 832 2374 dolorum
845 2324 971 2373 vacuitate
985 2336 1105 2386 perverse
1118 2324 1185 2373 inter
1197 2323 1263 2373 bona
1277 2323 1366 2385 positis

298 2408 387 2471 eliert3
408 2423 544 2474 numquam
563 2412 630 2461 enirn
646 2413 679 2461 de
695 2425 724 2461 ea
742 2412 863 2474 opinione
881 2413 919 2461 sic
939 2412 1038 2476 loquuti
1049 2420 1109 2464 sunt
1123 2413 1214 2463 Stoici.
1239 2413 1364 2462 Praeterea

298 2511 349 2549 non
358 2506 431 2549 recte
441 2499 509 2549 inter
519 2511 548 2550 se
560 2507 697 2549 nectuntur
708 2500 860 2559 sententie,
876 2513 933 2549 uam
947 2507 1079 2563 postquam
1098 2500 1131 2550 de
1151 2500 1226 2549 bonis
1245 2501 1362 2562 corporis

299 2588 395 2637 dictum
408 2595 458 2649 est,
471 2588 557 2650 agitur
568 2588 692 2650 deinceps
701 2589 735 2638 de
748 2588 823 2639 bonis
834 2588 860 2637 in
872 2601 968 2652 genere
981 2595 1007 2637 et
1019 2601 1108 2637 rursus
1120 2588 1152 2637 de
1164 2587 1279 2649 corporis
1291 2587 1366 2637 bonis

299 2690 355 2737 quae
367 2675 433 2725 bona
446 2688 505 2725 esse
516 2676 644 2726 dicuntur.
664 2676 746 2737 Quare
759 2684 929 2740 permutatum
943 2690 1001 2727 esse
1014 2676 1090 2741 liuius
1102 2677 1120 2739 §l
1133 2677 1248 2726 ordinem
1261 2689 1364 2737 censeo,

299 2763 497 2827 opinionemque
509 2763 583 2813 Tullii
594 2772 749 2827 praepostere
762 2765 883 2827 divisam,
897 2766 953 2829 qni,
967 2772 1099 2830 postquam
1112 2766 1254 2815 stoicorum
1266 2765 1362 2815 doctri-

300 2863 358 2899 nam
369 2851 402 2900 de
412 2852 551 2914 propositis
567 2851 699 2909 exhibuit,
712 2853 767 2914 ipse
779 2852 839 2915 quid
853 2854 884 2903 de
897 2865 926 2902 ea
940 2853 1181 2920 sentit-eloquenter
1193 2860 1301 2904 enarrat.
1322 2854 1364 2903 sic
1459 2842 1461 2845 ’

299 2938 378 3001 igitur
389 2939 572 2990 restituendam
585 2952 643 2989 esse
654 2940 839 2989 sententiarum
853 2942 947 2989 serienr
966 2939 1086 2998 arbitror,
1107 2941 1194 3004 paucis
1205 2941 1291 2991 verbis
1309 2955 1366 2990 rnu-

300 3027 374 3076 tatis:
394 3047 403 3069 a
418 3026 472 3076 Alia
483 3028 598 3090 quaedam
610 3027 706 3089 dicent,
726 3028 814 3086 credo,
827 3040 918 3089 magna
929 3028 1092 3090 antiquorum
1107 3041 1165 3077 esse
1178 3035 1297 3091 peccata,
1309 3043 1366 3091 quae

300 3114 343 3163 ille
357 3116 410 3163 veri
426 3115 598 3179 investigandi
613 3116 721 3179 cupidus
739 3115 808 3165 nullo
820 3116 897 3166 modo
909 3114 976 3165 terre
989 3116 1110 3177 potuerit.
1130 3116 1166 3165 Ea
1184 3116 1253 3165 euim
1270 3116 1364 3176 omnia,

298 3216 356 3266 qnae
374 3203 410 3251 illi
429 3204 494 3253 bona
514 3204 657 3265 dicerent,‘
668 3205 801 3267 praeposita
813 3218 885 3263 esse,
902 3218 953 3255 non
966 3204 1047 3267 bona3
1067 3206 1180 3269 itemque
1192 3204 1249 3264 illa,
1268 3218 1325 3269 quae
1338 3207 1364 3255 in

299 3304 408 3352 corpore
427 3291 597 3351 excellerent,
617 3293 694 3343 stulte
710 3293 829 3357 antiquos
848 3293 945 3343 dixisse
965 3306 1051 3356 perse
1069 3306 1126 3343 esse
1142 3294 1300 3357 expetenda,
1319 3307 1364 3344 su-

300 3380 392 3428 menda
405 3381 576 3444 potiusquam
588 3383 746 3445 expetenda,
763 3383 896 3447 eodemque
908 3383 941 3433 de
952 3383 1021 3432 ornni
1035 3383 1084 3431 vita
1104 3395 1161 3446 quae
1174 3383 1199 3432 in
1212 3384 1305 3432 virtute
1317 3396 1364 3432 una

298 3468 461 3518 consisteret.
481 3468 545 3529 Quid
557 3474 641 3519 nutem
654 3471 809 3533 perversius,
822 3471 881 3534 quid
896 3470 1090 3533 intolerabilius,
1103 3471 1163 3534 quid
1176 3471 1279 3521 stultius
1289 3484 1363 3534 quam

299 3556 393 3606 bonam
405 3557 586 3620 valetudinem,
594 3571 669 3622 quarn
680 3560 796 3610 dolorum
809 3560 922 3609 omnium
937 3560 1095 3616 vacuitatem,
1109 3572 1183 3622 quarn
1192 3560 1365 3623 iutegritatem

298 3644 431 3695 oculorum
443 3646 650 3710 reliquorumque
661 3660 782 3697 sensuum
800 3661 851 3697 non
864 3661 959 3710 ponere
972 3648 997 3697 in
1009 3648 1098 3707 bonis;
1116 3660 1190 3710 quam
1206 3649 1286 3698 dicere
1302 3647 1364 3697 nihil

299 3733 403 3784 omnino
413 3734 482 3783 inter
493 3748 537 3784 eas
548 3749 604 3797 res,
625 3737 707 3799 iisque
719 3738 861 3787 corrtrarias
873 3736 1014 3796 interesse3
1032 3735 1099 3785 illam
1113 3737 1203 3795 uitam,
1221 3748 1277 3798 quae
1288 3736 1363 3784 etiam

298 3823 393 3873 ceteris
405 3824 496 3883 rebus,
515 3836 571 3887 quae
582 3832 670 3874 esseut
681 3824 821 3874 secundum
834 3833 964 3883 naturam,
977 3823 1133 3880 abundaret,
1147 3824 1228 3887 magis
1239 3830 1365 3885 expeten-

298 3912 356 3960 dam
369 3926 419 3962 uon
427 3923 495 3970 esse,
507 3913 554 3962 sed
566 3913 648 3976 magis
659 3913 823 3971 sumendam
835 3925 944 3975 cumque
956 3912 1010 3973 ipsa
1021 3911 1102 3961 virtus
1113 3910 1207 3961 ciliciat
1218 3910 1252 3959 ita
1264 3910 1364 3959 beatam

300 3998 391 4059 vitam,
412 4006 439 4048 ut
451 3999 551 4050 beatior
562 4014 619 4050 esse
633 4013 683 4050 nou
696 4001 786 4063 possit,
800 4007 884 4050 tamen
896 4000 1011 4063 quaedam
1023 4000 1115 4049 deesse
1127 3998 1286 4061 sapientibus
1301 4005 1363 4061 tum,

299 4101 377 4149 quum
389 4087 441 4136 siut
454 4088 609 4149 beatissimi;
627 4089 713 4152 itaque
726 4102 772 4139 eos
783 4089 809 4139 id
821 4101 899 4151 agere
912 4096 964 4139 uta
978 4100 1006 4137 se
1018 4087 1129 4146 dolores,
1144 4086 1257 4145 morbos,
1269 4087 1366 4138 debili-

299 4183 365 4225 tates
382 4175 525 4238 repellant?
536 4197 545 4218 ι
564 4178 605 4227 Sic
616 4178 715 4239 omnia,
729 4178 828 4240 opinor,
841 4178 908 4228 bene
920 4183 1077 4240 congruunt,
1092 4183 1118 4226 et
1129 4176 1245 4227 audimus
1256 4176 1363 4227 Tullium

300 4263 382 4323 ipsum
397 4264 497 4314 Stoicos
509 4264 672 4323 irridentem,
692 4274 719 4315 et
729 4267 838 4315 absurda
853 4266 920 4316 illins
931 4264 1054 4315 doctriuae
1070 4265 1271 4315 denuntiantem.
1296 4265 1364 4314 Bene

301 4351 378 4400 etiarn
398 4352 514 4415 iungitur
534 4356 545 4414 §
563 4353 590 4402 ht
603 4369 609 4401 t
632 4376 641 4396 ι
656 4355 814 4417 Omagnam,
828 4362 878 4404 etc.
891 4374 912 4416 r,
925 4366 982 4404 curn
995 4353 1027 4402 iis
1039 4366 1094 4417 quae
1106 4362 1180 4404 antea
1193 4354 1319 4415 leguntur.
