3325 5159
512 578 1035 652 DnnnonunmmumIbam-xxva,
1051 578 1146 639 tit-67.
1325 580 1362 638 89

330 716 393 778 xvi,
406 716 421 782 5
432 716 472 767 t3.
484 716 634 769 Ciceronem
652 717 787 781 scripsisse
798 718 936 782 suspicor:
953 730 1058 783 «neque
1075 717 1208 768 materiam
1225 716 1361 783 significat,

297 814 341 857 est
352 806 421 857 enim
433 807 515 857 aliene
527 807 669 869 rationis»,
682 820 728 871 pro
741 808 827 872 vulgg.
842 811 960 858 naturam
971 815 998 859 et
1008 809 1097 873 plenam
1115 822 1167 859 non
1183 808 1259 859 modo
1275 814 1363 859 carent

296 908 377 946 sensu
388 896 467 946 verba
478 909 535 961 quae
552 896 630 961 uulgo
641 896 769 960 leguntur,
782 897 829 948 sed
843 897 919 947 etiam
930 903 1018 948 contra
1030 896 1162 962 scriptoris
1178 904 1291 948 mentem
1302 909 1363 948 ora-

298 984 397 1036 tionem
414 984 567 1036 infecerunt.
587 985 642 1037 Vox
661 986 765 1036 materie
788 986 815 1035 b.
840 987 858 1037 Ι.
878 986 946 1039 bene
961 987 1080 1051 congruit
1096 1000 1153 1038 cum
1172 987 1205 1038 iis
1226 1000 1282 1051 quae
1299 986 1363 1036 infra

298 1075 429 1137 teguntur,
442 1074 560 1138 quoniam
573 1088 657 1139 neque
672 1076 772 1138 pondus
783 1088 868 1139 neque
881 1075 973 1127 levitas
984 1077 1062 1127 astris
1074 1076 1208 1141 contingit.

331 1162 393 1224 XVl,
406 1161 421 1227 5
432 1163 473 1214 ll.
485 1164 570 1214 Malim
581 1164 782 1227 circumferretur
800 1177 848 1229 pro
860 1182 873 1211 a
886 1166 1034 1231 circumque
1049 1166 1158 1217 terretur
1171 1180 1201 1229 »3
1218 1166 1280 1216 nibil
1298 1177 1363 1229 opus

298 1265 449 1317 synonymo.

331 1341 405 1401 xvii,
418 1343 430 1405 5
441 1344 481 1394 ld.
494 1344 667 1395 Sententiam:
681 1364 693 1390 α
706 1345 801 1396 mundo
812 1352 899 1396 antem
911 1352 982 1396 certe
994 1345 1059 1395 nibil
1070 1353 1111 1396 est
1121 1344 1223 1408 melius,
1233 1363 1247 1391 u
1258 1343 1362 1394 minime

298 1432 456 1497 desiderem,
468 1433 588 1499 quiajam
600 1435 733 1486 enunciata
745 1442 799 1496 est3
810 1434 860 1486 boc
877 1436 933 1486 loco
945 1442 1030 1486 autent
1043 1435 1128 1498 obest,
1142 1436 1236 1486 nedum
1247 1435 1329 1498 juvet.

333 1522 386 1585 llll,
399 1522 535 1587 §51.Voc.
548 1524 759 1589 comparationem
771 1525 820 1576 boc
831 1525 889 1576 loco
901 1538 990 1588 parum
1008 1526 1130 1577 idoneum
1149 1526 1265 1584 videtum
1278 1525 1363 1588 itaque

301 1612 384 1677 legam
393 1625 440 1662 seu
450 1614 657 1677 compositionem,
671 1628 729 1664 cum
742 1614 853 1673 harisio,
862 1626 892 1663 ex
906 1614 963 1664 cod.
977 1613 1028 1677 Ei,
1042 1626 1089 1664 sen
1100 1614 1299 1678 compactionem,
1313 1625 1364 1676 quo

300 1703 382 1753 utitur
399 1702 511 1763 Tullius,
530 1703 566 1753 lle
585 1704 641 1753 Fin.
660 1703 691 1765 V,
703 1703 717 1768 5
729 1704 769 1754 33.
782 1731 810 1739 —
824 1702 890 1767 §53-
903 1702 1030 1753 Orationis
1041 1702 1119 1753 seriei
1131 1703 1212 1766 magis
1227 1708 1365 1752 consenta-

300 1805 379 1843 neum
390 1792 453 1841 mibi
464 1792 566 1844 ridetur
576 1793 680 1857 legere:
694 1811 707 1837 «
715 1793 774 1844 huic
786 1799 870 1843 autem
879 1793 1011 1857 proximus
1030 1792 1178 1842 interiorem
1192 1790 1282 1842 orbem
1294 1796 1365 1841 tenet

300 1875 437 1951 πυρόεις»,
458 1891 534 1942 quam
551 1878 620 1942 vulg.
635 1878 795 1943 proximum,
816 1891 863 1928 seu
875 1878 987 1927 Wallreri
1009 1877 1151 1938 correctio,
1172 1876 1292 1927 Ernestio
1304 1889 1366 1940 pro-

301 1962 370 2020 bata,
384 1962 508 2026 procime.

333 2050 419 2112 lllllll,
432 2052 444 2114 ξ
455 2049 495 2100 60.
508 2051 570 2101 (lum
583 2050 683 2102 bauisio
694 2058 721 2102 et
734 2050 828 2102 Orellio
840 2064 934 2102 censeo
950 2050 1152 2115 legendum,seu
1162 2065 1190 2099 :a
1203 2050 1272 2114 qnod
1284 2056 1364 2099 erata

301 2139 351 2189 deo
363 2140 508 2198 donatum»
522 2152 553 2189 ex
561 2139 790 2204 cod.Glog.‚cujus
803 2140 883 2203 prima
891 2139 984 2203 syllaba
992 2152 1006 2188 a
1015 2139 1169 2203 praecedenti
1181 2139 1224 2188 deo
1232 2137 1366 2188 absorberi

302 2229 399 2293 potuit;
411 2241 458 2278 seu
470 2228 564 2287 dotum,
584 2227 659 2291 cuius
675 2229 756 2292 prima
776 2228 860 2279 littera
872 2229 966 2292 saepius
984 2242 1042 2279 cnm
1055 2229 1079 2280 N
1088 2234 1254 2291 permutatur.
1265 2227 1301 2278 Dc
1314 2227 1364 2276 alia

302 2336 331 2372 re
342 2322 427 2385 agitur
439 2322 451 2384 5
462 2320 503 2371 62.
515 2349 546 2357 -
558 2318 572 2384 ς
583 2320 622 2371 ol.
637 2320 788 2371 Lambinum
800 2327 827 2371 et
839 2320 960 2371 Orellium
972 2333 1066 2384 sequar
1084 2320 1216 2383 legentes:
1229 2337 1242 2364 r
1255 2318 1288 2368 ab
1297 2346 1298 2350 =
1308 2319 1365 2369 nti-

302 2411 337 2462 lio
356 2411 469 2462 Calatino
488 2418 544 2462 erat
562 2412 626 2475 Spes
638 2418 796 2471 consecrata,
810 2431 821 2454 ι
834 2418 863 2461 ιιι
881 2411 936 2474 ipse
956 2417 1042 2460 monet
1060 2409 1158 2459 Tollius
1176 2409 1208 2459 ad
1220 2408 1279 2458 libr.
1292 2408 1313 2457 ll
1333 2408 1365 2458 de

302 2501 384 2564 Legg.
396 2501 408 2563 5
419 2500 458 2551 28.
472 2501 563 2551 Nostro
575 2500 601 2549 in
615 2500 671 2550 loco
683 2499 768 2563 decipi
781 2500 864 2563 potuit
879 2499 998 2560 librarius
1017 2497 1089 2549 verbi
1108 2498 1174 2548 vides
1193 2496 1364 2561 proximitate,

302 2591 370 2641 unde
383 2595 438 2639 orta
454 2595 494 2640 est
505 2589 582 2640 lectio
594 2590 662 2653 fider.

333 2678 418 2741 xxiv,
427 2676 488 2742 §62
498 2677 616 2728 Omittam
624 2678 739 2729 Liberum
750 2684 809 2742 post
818 2699 828 2722 «
838 2678 906 2729 hunc
915 2678 973 2728 dico
982 2676 1121 2728 ».-llerba
1134 2688 1238 2739 prorsus
1249 2675 1364 2725 incerta:

305 2792 315 2814 ι
330 2769 398 2835 quod
409 2769 437 2819 in
448 2768 539 2819 Libera
551 2776 663 2829 servant,
675 2768 703 2819 in
714 2769 809 2819 Libero
820 2782 873 2819 non
885 2768 947 2818 item
961 2786 973 2813 υ
986 2765 1049 2816 mibi
1061 2765 1173 2829 speciem
1185 2765 1300 2829 praebent
1317 2764 1365 2814 ad-

302 2860 440 2911 notationis
462 2860 488 2909 in
501 2859 614 2924 margine
625 2859 737 2922 scriptae,
755 2859 814 2923 quia
826 2859 859 2909 iis
875 2871 930 2923 quae
949 2858 974 2906 in
989 2864 1060 2907 textu
1078 2856 1197 2919 leguntur
1210 2854 1366 2905 contradici-

303 2958 352 3001 tur.
365 2978 396 2986 -
409 2947 473 3013 §aa
486 2949 608 3010 Quoniam
620 2948 710 3011 optimi
721 2948 825 2999 codices
837 2948 932 2998 babent
943 2947 1095 3011 oppleolsset,
1108 2946 1201 2996 merito
1213 2945 1305 2994 Bakins
1315 2944 1334 2994 l.
1346 2944 1364 2993 l.

301 3039 437 3103 legendum
449 3051 507 3090 esse
520 3044 629 3089 censet:
649 3038 735 3087 «Nam
754 3051 812 3087 eum
830 3043 904 3087 vetus
916 3035 970 3085 baec
989 3034 1075 3098 opinio
1095 3034 1216 3084 Graeciam
1236 3031 1366 3096 oppletis-

301 3135 341 3179 set
344 3164 392 3178 .....
405 3140 419 3177 a
432 3126 484 3177 filio
497 3127 564 3190 love,
578 3126 682 3191 physica
694 3126 758 3177 ratio
769 3138 820 3175 non
831 3124 965 3188 inelegans
983 3121 1081 3173 inclusa
1098 3128 1148 3183 est,
1166 3132 1216 3171 etc.
1227 3139 1241 3167 a
1259 3118 1364 3170 Bellum

302 3216 418 3268 Baiterus
429 3223 534 3267 secutus
545 3223 585 3267 est
597 3216 624 3265 in
636 3217 679 3267 cd.
692 3215 761 3279 Lips.

333 3307 406 3367 XXV,
429 3306 493 3371 565.
517 3306 627 3358 Seclusit
643 3306 759 3357 Baiterus
781 3305 893 3367 breviter,
907 3310 989 3367 post«
1009 3302 1047 3352 sie
1069 3301 1119 3351 boc
1137 3321 1159 3364 ι,
1183 3299 1210 3350 in
1226 3299 1287 3351 edit.
1305 3300 1365 3349 Tur.

303 3411 362 3449 cum
385 3396 486 3447 Davisio
497 3404 524 3447 ει
542 3395 704 3459 Heindorlio;
727 3395 795 3460 quod
814 3393 927 3445 restituit
943 3393 969 3442 in
981 3393 1023 3443 ed.
1047 3391 1116 3454 Lips.
1141 3389 1265 3454 Equidem
1283 3388 1366 3452 legam

301 3499 361 3537 cum
386 3485 493 3535 Buberio
518 3487 633 3548 praviter,
659 3490 686 3534 at
704 3484 805 3534 deleam
816 3483 857 3534 uel
875 3484 910 3533 slc
925 3482 966 3532 rel
981 3482 1033 3541 boc,
1055 3493 1111 3546 quae
1126 3478 1214 3542 juncta
1236 3478 1293 3529 auri
1312 3477 1368 3528 dis·

303 3575 409 3639 plicent.

334 3664 419 3725 Xllvl,
432 3663 446 3729 ἓ
458 3664 497 3714 66.
510 3665 601 3714 Totum
613 3663 662 3713 boc
673 3663 767 3713 colon:
784 3681 796 3707 ι
809 3662 856 3712 sed
873 3661 995 3711 lunonem
1007 3673 1021 3709 a
1033 3660 1143 3711 iuvando
1154 3659 1233 3710 credo
1248 3656 1367 3707 nomina-

302 3762 362 3812 tam.
378 3774 389 3799 a
403 3753 495 3805 merito
507 3753 622 3804 Baiterus
633 3752 776 3815 suspicatus
787 3756 828 3802 εει
838 3751 976 3801 insiticium
988 3761 1062 3811 esse;
1075 3748 1170 3799 etenim
1182 3746 1239 3797 lovi
1250 3745 1366 3796 eamdem

303 3844 430 3908 originem
444 3842 497 3905 J'am
508 3842 579 3893 dedit
589 3840 695 3900 Tollius,
707 3839 722 3905 5
734 3840 775 3890 ot.
787 3866 818 3877 -
836 3839 896 3889 Voc.
910 3838 990 3897 elteri,
1004 3850 1112 3901 proquo
1131 3835 1245 3898 plerique
1264 3833 1367 3884 codices

302 3935 485 3992 sepulteram,
499 3945 547 3983 seu
565 3933 644 3982 altero
656 3930 768 3991 habent,
779 3929 845 3981 mibi
861 3935 1010 3992 suspectum
1022 3927 1132 3989 ridetur,
1145 3924 1264 3990 qnoniam
1283 3922 1368 3973 fratris

303 4023 394 4073 titulus
405 4022 505 4072 Plutoni
517 4035 568 4073 non
581 4021 710 4073 tribuitur.

334 4108 431 4167 xxvii,
444 4106 458 4172 5
470 4108 511 4157 67.
525 4107 577 4157 lani
594 4120 688 4157 nomen
699 4119 714 4156 a
725 4118 810 4171 graeco
823 4107 913 4167 Αἰῶνος
924 4112 1010 4156 ortum,
1020 4116 1078 4154 esse
1091 4100 1217 4165 suspicor,
1225 4099 1293 4163 quod
1300 4097 1367 4161 apud

308 4204 390 4255 liores
407 4203 500 4253 dicitur
513 4204 608 4264 Αὶᾱνες.
629 4202 701 4253 Cous.
719 4199 936 4266 Longinifragm.
952 4213 976 4264 p.
989 4196 1036 4247 292
1054 4208 1118 4246 meae
1136 4194 1197 4245 edit.
1210 4193 1254 4243 ubi
1273 4192 1368 4243 mensis

308 4297 440 4348 lanuarias
454 4297 597 4360 explicatur
608 4310 623 4347 a
635 4297 751 4360 Longino
763 4294 952 4368 albaeripae.-
958 4291 1055 4342 Malim:
1069 4310 1081 4335 r
1095 4290 1147 4340 lom
1154 4288 1237 4340 Vestae
1248 4300 1341 4338 nornen
1355 4308 1366 4331 »

307 4396 353 4446 pro
365 4383 437 4441 Nom,
453 4388 480 4432 ut
492 4379 557 4432 inira
571 4382 643 4431 «lam
654 4380 789 4445 apollinis.
800 4399 813 4427 a
825 4380 868 4431 Sic
880 4378 958 4429 scrib.
972 4376 1065 4428 Baiter.
1082 4375 1109 4426 in
1122 4374 1164 4425 ed.
1180 4374 1249 4437 Lips.
1263 4377 1368 4422 auctore

1213 4478 1243 4525 ιι
