3325 5159
366 660 418 717 tta
603 656 645 713 bu
659 668 781 715 urricus
794 610 843 726 111,
861 668 1050 727 xxix-xxxin,
1067 656 1191 714 103117.

363 795 421 847 aliis
432 794 526 859 legitur
534 796 700 859 proevcrlcrct,
717 803 783 856 quos
799 791 908 842 Oreliius
923 790 1015 842 merito
1031 799 1136 841 secutus
1152 798 1202 841 est.
1213 816 1244 828 -·
1264 790 1342 854 5103.
1362 792 1423 843 Post

364 884 442 935 rerba
456 899 462 933 z
476 901 489 928 α
501 890 584 933 ratum
596 895 654 933 esso
666 895 717 933 non
729 881 818 933 debuit
832 901 853 940 ι,
866 889 963 932 sextam
974 880 1176 949 adversariorum
1195 888 1283 932 contra
1297 880 1424 945 Regulum

364 975 488 1026 rationem
501 974 570 1039 (scil.
583 987 629 1024 cur
645 973 723 1038 igitur
738 974 773 1025 ad
788 980 906 1024 senatum
925 971 1141 1037 proficiscebatur,
1161 986 1219 1023 curu
1239 973 1380 1037 pracsertim
1391 972 1424 1024 do

364 1064 471 1127 captivis
482 1064 643 1114 dissuasurus
653 1063 742 1113 esset?
755 1063 766 1126 5
780 1064 791 1121 ¹.
796 1062 849 1127 tu),
861 1062 987 1113 excidisse
999 1068 1088 1112 censet
1095 1062 1219 1126 Ungerus.
1232 1061 1361 1114 llihiuero
1370 1063 1424 1112 haeo

365 1153 471 1217 quaestio
480 1152 566 1216 juncta
578 1164 636 1202 esse
648 1165 705 1201 cuna
717 1151 750 1201 iis
760 1164 816 1215 quae
828 1152 899 1215 prius
911 1151 976 1202 dicta
989 1157 1063 1201 sunt:
1079 1150 1171 1214 «quasi
1184 1164 1245 1203 roro
1256 1150 1316 1201 lorti
1325 1150 1424 1201 viroris

365 1241 445 1304 possit
455 1241 593 1292 adhiberi»
607 1239 717 1302 ridetur,
729 1228 875 1290 declarandi
886 1252 961 1290 causa
973 1239 1106 1304 Regulum,
1119 1252 1196 1303 quum
1202 1240 1235 1290 ad
1241 1246 1357 1291 senatum
1366 1252 1424 1303 pro-

364 1331 532 1393 ficisceretur,
544 1331 678 1381 Poenorum
692 1329 716 1379 vi
728 1343 779 1380 non
791 1342 849 1379 esse
861 1330 1021 1380 obsecutum.
1399 1399 1400 1403 Ἰ

395 1420 570 1483 7111115107.
588 1420 683 1483 opinor
695 1418 831 1482 legendum
844 1431 901 1469 esse
916 1434 922 1468 ε
941 1436 954 1464 u
968 1420 1036 1483 qnod
1048 1432 1104 1482 erpo
1116 1418 1151 1469 ita
1162 1419 1271 1469 iuratum
1283 1424 1324 1468 est
1337 1438 1359 1481 »‚
1380 1432 1424 1482 pro

367 1533 377 1554 ι
391 1511 458 1575 qnod
469 1510 535 1560 cuim
544 1529 567 1559 ι.
575 1536 605 1546 -
613 1510 732 1560 Fortasse
744 1508 841 1559 Tullius
853 1508 923 1571 prins
933 1508 1086 1571 scripserat:
1101 1508 1184 1558 «Nam
1196 1508 1276 1579 pirata
1287 1521 1338 1559 non
1346 1514 1386 1559 est
1394 1521 1426 1558 ex

365 1600 531 1663 perduellium
543 1612 665 1658 numero3
679 1580 737 1649 cum
748 1599 806 1656 hoc,
819 1604 868 1649 etc.
884 1618 894 1639 »
908 1604 935 1648 et
951 1598 1054 1657 deinde,
1071 1597 1173 1648 omissis
1191 1596 1277 1648 verbis
1295 1619 1305 1641 ι
1319 1610 1350 1647 ea
1363 1610 1426 1670 per·

364 1689 485 1740 duellium
497 1698 602 1740 numero
616 1709 638 1750 ·‚
650 1688 750 1752 scripsit
758 1670 793 1762 ιζα
804 1688 865 1737 llam
878 1687 957 1751 pirata
970 1700 1018 1737 non
1032 1694 1072 1738 est
1084 1688 1213 1749 delinitus,
1226 1686 1272 1739 scd
1284 1686 1426 1739 communis

361 1769 446 1830 'hostis
457 1779 585 1841 omnium;
597 1791 655 1829 cum
667 1779 725 1841 hoc,
737 1785 788 1829 etc.
803 1797 825 1828 ι.
838 1776 1055 1841 -5108.,11ε11ω
1068 1792 1074 1826 ι
1091 1798 1101 1820 ‹
1115 1776 1226 1840 periurio
1239 1777 1342 1827 turbare
1356 1795 1377 1825 υ.

396 1868 506 1929 XXXl,§
519 1868 573 1917 111.
592 1868 738 1932 hegendnm
756 1879 814 1917 esse
833 1873 894 1930 puto
912 1866 1032 1916 motiones
1051 1879 1096 1929 pro
1114 1865 1233 1925 notiones,
1253 1864 1287 1916 ob
1306 1864 1428 1917 formulas

367 1978 378 2003 ι
391 1970 494 2008 movero
506 1956 584 2019 tribu,
596 1962 686 2007 senatu
700 1976 721 2013 »,
732 1982 764 1992 -
776 1955 788 2018 5
800 1954 854 2006 lta.
868 1954 959 2006 Merito
971 1954 1077 2006 seclusit
1088 1954 1202 2005 Baiterus
1213 1953 1297 2005 locum
1310 1952 1364 2017 jam
1375 1954 1427 2004 Er-

365 2046 448 2096 nestio
458 2051 622 2109 suspectum:
637 2048 738 2109 «atque
750 2044 791 2094 hic
803 2043 971 2094 hiantius......
984 2056 1089 2096 severus
1101 2044 1127 2095 in
1136 2044 1214 2094 lilium
1225 2064 1235 2088 n
1247 2059 1255 2105 ;
1267 2043 1427 2096 ubiiortasso

364 2144 488 2197 agnoscas
497 2145 599 2183 manum
611 2132 679 2183 illius
689 2132 758 2183 docti
772 2131 920 2194 interpretis
930 2131 982 2195 jann
994 2130 1086 2195 saepius
1098 2130 1252 2197 deprehensi
1264 2144 1295 2183 cx
1304 2132 1427 2197 315518,

365 2221 405 2283 19,
417 2222 458 2285 96,
470 2229 520 2273 ειε.

370 2334 373 2338 >
395 2312 492 2373 XXXX,
503 2312 515 2375 5
528 2311 581 2362 113.
600 2312 653 2362 Non
665 2310 720 2362 sinc
733 2323 809 2362 cansa
821 2311 956 2363 Ernestius
967 2319 994 2363 ει
1005 2312 1121 2377 Ungerus
1134 2311 1271 2364 delendum
1288 2324 1348 2365 esse
1364 2326 1431 2366 cen·

364 2406 423 2451 sent
435 2414 491 2452 unc.
501 2401 649 2466 murium,
664 2406 721 2464 post
732 2401 850 2461 dissoluit,
864 2414 921 2453 nam
933 2402 1041 2467 intelligi
1049 2403 1127 2462 debet
1138 2402 1318 2452 iusiurandum.
1331 2402 1359 2452 in
1368 2402 1429 2456 cod.

364 2492 482 2541 dautem
494 2490 571 2541 verba
582 2490 619 2541 sic
630 2490 748 2541 distincta
761 2481 881 2554 leguntur
893 2505 901 2540 r
915 2511 926 2536 a
939 2491 1065 2543 dissoluit.
1083 2492 1236 2544 Periurium.
1254 2492 1321 2550 Fuit,
1339 2499 1391 2544 etc.
1404 2511 1428 2552 ι,

363 2578 431 2631 nude
442 2579 493 2643 legi
506 2578 585 2642 possit
597 2592 605 2627 a
619 2600 630 2622 ‹
644 2578 785 2653 Periuriunt
796 2578 844 2630 init
855 2580 933 2643 igitur
945 2580 1021 2631 stulta
1032 2580 1187 2635 calliditas».
1200 2608 1231 2617 -
1242 2580 1254 2645 5
1267 2581 1321 2632 114.
1335 2582 1429 2634 Alieno

365 2666 422 2719 loco
434 2667 543 2732 positum
555 2679 614 2718 csse
626 2668 833 2732 exemplumqun
844 2675 944 2719 constat
955 2668 997 2719 hic
1006 2669 1186 2731 §cuivislacile
1194 2670 1429 2734 patebit‚qunniam

366 2756 463 2821 Pohbii
474 2764 501 2808 et
512 2757 585 2808 Acilii
597 2757 756 2809 narrationes
767 2757 799 2807 tle
812 2757 929 2822 neglecto
939 2757 1106 2822 iureiurando
1118 2772 1250 2822 perperam
1263 2759 1429 2822 dirimuntnr;

367 2844 452 2908 itaque
462 2843 514 2906 iam
526 2844 549 2894 J.
562 2845 596 2895 hl.
609 2844 768 2908 Heusingero
782 2844 923 2909 Wollioque
935 2845 1049 2909 spurium
1061 2846 1143 2895 uisum
1156 2852 1203 2896 est.
1216 2846 1330 2897 balterus
1346 2846 1373 2897 id
1383 2860 1431 2900 so·

366 2933 441 2986 clusit
452 2941 478 2985 et
489 2942 578 2985 censet
589 2934 712 3007 aptiorem
724 2927 809 2986 locum
820 2934 875 2985 iore
887 2935 910 2985 si
921 2933 1021 3000 legatur
1035 2935 1104 2986 inter
1115 2936 1140 2999 55
1151 2937 1180 2987 47
1193 2943 1219 2987 ει
1230 2937 1272 2988 48.
1290 2936 1354 2987 liuic
1370 2936 1431 3001 opl-

367 3023 437 3074 nioni
455 3022 565 3073 libenter
576 3023 716 3086 adsentior,
736 3023 794 3087 quia
813 3008 1007 3097 narratiunculae
1026 3026 1176 3076 conclusio:
1196 3044 1209 3071 a
1228 3026 1269 3076 Sic
1288 3026 1431 3078 honestatis

366 3113 563 3177 comparatione,
576 3126 674 3177 eaquae
686 3112 804 3164 videntur
816 3114 896 3178 utilia,
909 3116 1043 3166 uincuntur
1056 3134 1079 3175 n,
1091 3116 1191 3166 mirum·
1202 3116 1228 3166 in
1248 3116 1351 3168 modum
1370 3129 1429 3168 cum

366 3205 493 3255 sententia
506 3204 623 3269 congruit
634 3217 690 3268 quae
700 3204 727 3255 in
739 3203 789 3255 line
801 3205 822 3268 5ἰ
834 3206 864 3256 47
876 3205 986 3270 legitur:
1002 3207 1097 3257 «Tanta
1110 3206 1148 3256 uis
1159 3213 1200 3257 est
1211 3206 1322 3267 honesti,
1335 3213 1364 3257 ut
1370 3218 1431 3270 spe·

366 3293 432 3345 eiem
445 3294 560 3344 utilitatis
571 3294 692 3344 obscuret
706 3276 727 3356 a,
741 3293 775 3344 ita
788 3300 815 3344 ut
826 3293 948 3344 alterutra
965 3295 1094 3346 abundare
1114 3295 1238 3359 rideatur,
1260 3302 1286 3348 et
1302 3295 1430 3359 posterior

367 3384 493 3447 quoddam
506 3382 641 3443 uestigium
653 3381 764 3445 praebeat
776 3381 886 3446 exempli
898 3382 958 3433 olim
970 3383 996 3431 h.
1005 3383 1022 3433 Ι.
1030 3384 1155 3447 inscripti,
1165 3384 1306 3436 ubirevera
1314 3392 1430 3437 nostrum

367 3471 518 3534 scriptorem
529 3470 637 3523 decebat
648 3484 725 3522 unum
736 3463 827 3522 saltem
840 3472 873 3522 dc
884 3472 938 3523 suis
957 3472 1042 3524 nobile
1060 3473 1153 3525 iactum
1172 3487 1323 3537 memorare,
1343 3475 1431 3540 prius-

293 3558 295 3561 ‘
368 3573 443 3625 quam
454 3561 487 3612 de
500 3560 698 3611 Atheniensibus
709 3561 865 3611 mentionem
884 3560 988 3613 iaceret.
1010 3563 1133 3615 Gaeterum
1152 3564 1201 3615 hoc
1218 3565 1363 3629 exemplum
1381 3566 1429 3619 de-

368 3656 495 3713 sumptum
508 3663 539 3700 ex
552 3649 655 3713 Polybio
668 3637 740 3714 (libr.
754 3650 793 3711 vl,
806 3650 874 3714 556)
886 3650 918 3700 ab
930 3651 1015 3714 aliquo
1027 3652 1167 3715 interprete
1186 3653 1212 3702 h.
1232 3653 1250 3704 l.
1270 3653 1297 3703 in
1314 3652 1429 3718 margine

337 3777 339 3780 v
372 3740 474 3790 uidetur
486 3739 607 3802 scripturn
620 3720 699 3789 luisse
710 3739 744 3789 ob
755 3752 848 3790 nomen
860 3739 954 3803 Polybii
965 3742 1031 3804 quod
1044 3744 1119 3806 supr'a
1132 3741 1234 3806 legitur.
1247 3741 1327 3803 Quare
1339 3742 1431 3807 legen-

368 3829 429 3880 dum
444 3828 553 3879 «scribit
566 3828 714 3898 Polybius»,
726 3842 772 3891 pro
785 3829 896 3880 «scribit
907 3831 976 3881 idem
986 3851 1007 3891 n,
1019 3831 1042 3881 si
1055 3838 1232 3895 transponatur
1245 3832 1354 3883 narratio
1362 3831 1430 3884 inter

368 3918 393 3981 55
405 3918 435 3968 47
448 3925 474 3969 ει
484 3919 524 3970 48.
534 3945 564 3955 -
575 3919 587 3981 5
599 3918 653 3969 115.
666 3918 813 3983 legendum
825 3928 883 3971 esse
895 3921 1026 3984 suspicor:
1040 3935 1156 3986 «eosque
1165 3934 1179 3974 a
1188 3922 1429 3973 consorihnsomner

370 4007 517 4070 ignominiis
525 4015 625 4058 notatos
636 4027 656 4055 r.

399 4094 508 4158 XXXlll,
521 4096 533 4158 5
547 4096 600 4145 117.
618 4096 671 4147 los.
683 4095 781 4148 Oliveto
794 4103 847 4148 tota
859 4098 912 4149 haec
924 4099 1050 4150 sententia
1064 4114 1070 4148 z
1084 4116 1096 4145 ιι
1110 4099 1172 4148 Nam
1183 4098 1205 4149 si
1217 4112 1268 4150 non
1285 4098 1361 4151 modo
1377 4099 1431 4152 utl-

368 4183 426 4234 lltas
428 4218 497 4234 .......
510 4198 568 4236 cum
580 4186 712 4237 honestate
725 4187 847 4251 pugnabit
861 4206 871 4229 ι
885 4194 1002 4252 suspecta
1014 4195 1078 4252 crat,
1092 4201 1166 4253 quam
1178 4202 1209 4239 er
1223 4189 1254 4239 iis
1266 4201 1321 4253 quae
1332 4198 1393 4241 sunt
1402 4191 1429 4242 ih

369 4271 436 4323 libro
448 4273 469 4322 ll
480 4273 513 4324 de
525 4274 629 4325 Finibus
641 4288 698 4326 esse
710 4276 844 4327 conflatam
856 4277 986 4330 censebat.
1006 4278 1142 4329 Enimvero
1160 4292 1212 4329 non
1230 4278 1305 4330 lacile
1322 4292 1381 4331 cuna
1399 4280 1430 4331 iis

371 4376 427 4427 quae
439 4364 585 4427 praecedunt
595 4365 764 4426 connectitur,
780 4373 807 4417 et
823 4367 944 4418 orationis
962 4368 1093 4431 placiditas
1104 4382 1160 4420 non
1179 4370 1318 4434 respondet
1337 4370 1430 4422 decer·

371 4452 442 4508 badi
453 4451 566 4521 cupidini
576 4466 651 4518 quarn
662 4454 782 4520 exprimit
791 4455 911 4519 scriptor.
923 4457 1048 4509 Praeterea
1059 4458 1143 4511 denno
1160 4466 1317 4523 comparatur
1334 4459 1430 4516 utilitas
