3325 5159
366 672 418 729 tta
636 669 1033 741 nrvorrrcnsittxm-xmr,
1048 670 1143 727 nt-at.

395 807 460 858 xxi.
476 806 542 857 Velit
553 805 639 869 legera
651 806 767 870 Ungerus
779 820 786 855 r
801 826 812 850 ‹
825 813 910 857 nonne
922 806 990 858 idem
1007 804 1121 857 iaciunt?
1132 805 1199 869 (scil.
1212 804 1280 869 quod
1291 803 1424 865 ilarii-m,

363 908 421 947 cum
433 908 569 960 permagna
587 896 687 958 praemia
710 894 771 956 sint,
790 908 892 946 causam
911 896 1032 958 peccandi
1052 906 1111 946 esse
1130 894 1290 959 opinentur).
1309 892 1375 953 Quid
1392 894 1424 955 is,

363 986 478 1050 qui.......
491 992 582 1048 potens
593 984 681 1035 esset?
695 1004 706 1027 ι
721 984 775 1035 Non
787 996 861 1048 opus.
872 1010 904 1024 -
913 984 1021 1036 Scelusit
1033 985 1137 1048 Baiter„
1150 997 1180 1035 ex
1194 983 1345 1034 auctoritate
1357 982 1425 1044 opti-

363 1088 461 1126 morum
473 1075 559 1135 codd„
571 1074 679 1124 incisum
692 1088 700 1135 3
714 1081 761 1124 «et
772 1086 846 1137 quarn
858 1073 948 1125 inutile
961 1080 1061 1125 esset».
1075 1074 1193 1124 Fortasse
1203 1072 1229 1122 h.
1243 1072 1260 1121 l.
1273 1070 1325 1134 adj.
1336 1070 1424 1121 inutile

363 1163 430 1214 idem
444 1163 509 1213 ualet
520 1164 588 1227 qnod
600 1162 752 1221 damnosum,
766 1168 794 1212 ut
811 1161 876 1211 inim
889 1162 901 1225 5
913 1163 967 1213 idi.
980 1189 1011 1201 -
1023 1162 1142 1214 Pearcius
1154 1171 1181 1214 et
1191 1162 1321 1212 Gesneres
1336 1160 1423 1224 legere

362 1252 502 1304 uolebant:
521 1251 663 1314 «Capitalis
675 1251 811 1314 Euripides
829 1252 870 1301 uel
888 1252 971 1315 potius
990 1253 1109 1303 Eteocles
1123 1267 1151 1314 »3
1170 1250 1381 1315 wyttenbachius
1399 1255 1426 1303 et

364 1341 491 1392 Porsonns
503 1340 655 1391 omittebant
668 1340 743 1390 rerba
757 1356 764 1389 ι
777 1358 791 1385 κ
805 1340 845 1391 rei
857 1341 942 1404 potius
954 1340 1090 1404 Euripides
1104 1356 1134 1402 »ς
1153 1342 1270 1405 Ungems
1287 1339 1424 1403 legendnm

363 1443 421 1480 esse
433 1436 542 1480 censet:
560 1430 702 1493 «Capitalis
721 1430 840 1481 Eteocles
857 1430 899 1481 uel
917 1431 1002 1494 potius
1020 1431 1094 1495 ipse»
1116 1431 1187 1496 (scil.
1205 1431 1250 1495 qui
1268 1431 1316 1481 hos
1335 1441 1426 1480 versus

362 1530 464 1581 semper
474 1518 501 1568 in
513 1531 557 1569 ore
569 1518 703 1581 babebat).
716 1520 816 1570 Baitero
825 1528 912 1570 autem
924 1533 975 1570 non
986 1520 1068 1571 solum
1081 1520 1157 1570 verba
1171 1535 1178 1569 z
1193 1538 1203 1563 ι
1217 1519 1258 1570 rel
1271 1519 1356 1582 potius
1368 1518 1425 1569 llu-

363 1610 459 1671 ripides
473 1630 482 1652 ·
496 1610 629 1661 sedetiam
643 1612 709 1674 quod
724 1611 845 1674 praecedit
856 1611 967 1662 Eteocles
986 1610 1122 1675 glossatori
1142 1610 1260 1661 uidentur
1278 1610 1424 1672 tribuenda,

363 1700 432 1764 qnod
443 1697 581 1749 verisimile
593 1700 726 1761 existim03
739 1706 765 1749 at
775 1700 864 1750 saltem
884 1699 1027 1750 addendum
1047 1706 1102 1763 post
1120 1699 1240 1764 capitolin,
1258 1699 1299 1749 vel
1314 1698 1366 1757 ille,
1383 1698 1424 1747 vel

362 1802 429 1847 stne,
442 1802 499 1853 que
511 1802 559 1841 ror
570 1788 723 1852 glossemate
733 1788 868 1840 absorberi
880 1790 970 1852 potnit.
983 1816 1014 1826 -
1026 1790 1038 1852 ᾖ
1049 1789 1088 1839 st.
1106 1787 1213 1839 Codices
1228 1787 1386 1839 dissentioni
1397 1788 1424 1837 in

362 1878 472 1929 lectione
484 1894 493 1927 ι
507 1891 581 1929 «non
594 1879 670 1928 inmo
680 1879 711 1929 ad
725 1878 792 1942 voigi
803 1879 960 1942 opinionem,
973 1885 1022 1929 etc.
1038 1900 1060 1926 ι.
1073 1879 1124 1929 cod
1136 1891 1151 1928 a
1163 1878 1208 1929 dat
1218 1877 1297 1936 babet,
1310 1876 1354 1927 alii
1365 1878 1425 1927 dieo

362 1980 409 2019 seu
422 1987 434 2012 ι
446 1969 478 2018 ab
490 1981 522 2019 eo
536 1982 564 2030 ·;
581 1969 700 2032 equidem
715 1970 831 2032 suspicor
850 1969 999 2019 Ciceronem
1017 1968 1149 2032 scripsisse
1168 1968 1250 2018 laboro
1259 1986 1268 2025 ;
1285 1980 1337 2017 non
1353 1966 1425 2017 enim

362 2058 482 2109 idoneum
493 2072 596 2109 sensum
608 2066 710 2122 prestat
720 2058 797 2110 lectio
807 2060 883 2109 babeo
890 2074 899 2119 ;
910 2059 1050 2109 secundum
1063 2057 1233 2109 Faccioiatum
1245 2056 1423 2116 ualetimenio,

362 2147 430 2209 quod
443 2147 593 2210 elegantiam
603 2148 741 2198 Tullianam
753 2155 824 2197 certe
836 2161 886 2198 non
899 2148 974 2211 sapit.
1387 2163 1390 2176 ·

393 2234 468 2297 xxti,
481 2234 547 2299 586.
564 2235 704 2286 delendum
715 2248 773 2286 esse
785 2236 856 2296 clam,
868 2244 927 2299 post
942 2236 984 2295 ric,
1003 2236 1120 2299 opinatur
1138 2235 1226 2287 Cobet.
1248 2235 1290 2285 cui
1309 2234 1428 2285 Baiterus

362 2323 520 2387 obsequntus
531 2330 580 2374 est.
588 2352 619 2361 -
630 2324 748 2375 omittam
760 2324 820 2383 eins,
833 2325 901 2375 inter
910 2324 983 2388 idque
995 2332 1021 2375 et
1032 2325 1135 2387 factum,
1149 2324 1217 2389 qnod
1229 2322 1303 2374 simul
1311 2322 1427 2373 abundat

362 2419 389 2464 et
399 2413 546 2478 ambignum
557 2420 614 2472 est;
626 2414 659 2465 de
672 2414 741 2465 vocis
753 2415 808 2465 loco
820 2414 974 2466 dissentiunt
985 2414 1091 2465 codd-
1105 2414 1167 2477 587.
1180 2413 1210 2463 v.
1218 2420 1306 2464 nomm
1315 2412 1349 2463 ad
1360 2410 1426 2477 sid,

362 2506 389 2554 G.
402 2504 443 2563 xi,
459 2530 484 2542 ·-
502 2503 568 2568 §sit
581 2504 702 2555 Restituit
713 2504 841 2568 Baiterns,
857 2518 889 2554 eu
908 2504 1058 2555 auctoritate
1077 2504 1192 2556 codicum
1210 2516 1323 2565 suornm,
1344 2501 1424 2552 rerba

364 2597 411 2641 «ut
423 2598 494 2654 putat
504 2612 525 2655 ι,
538 2604 594 2655 qaae
605 2592 715 2643 duellius
725 2593 863 2653 omiserat;
875 2592 938 2641 mibi
951 2605 1010 2643 uero
1022 2592 1157 2643 admodum
1168 2602 1323 2655 superuacua
1337 2590 1426 2641 uiden·

362 2686 413 2741 tur,
426 2688 454 2730 et
464 2687 518 2730 orta
531 2693 588 2731 esse
602 2694 632 2731 er
645 2668 725 2733 uerbo
736 2681 849 2745 disputat
856 2680 996 2744 superioris
1011 2694 1109 2730 uersus.

393 2768 479 2832 xxiii,
493 2769 556 2832 §dd
574 2770 679 2833 Legitur
690 2771 756 2832 apud
770 2770 985 2835 Baltiumiscbol.
999 2770 1122 2833 lippomn.
1135 2777 1154 2820 t.
1167 2769 1233 2832 V,·p.
1247 2768 1292 2834 di)
1306 2783 1312 2819 :
1334 2788 1344 2814 ι
1358 2769 1425 2819 Cor·

362 2855 496 2923 rigendn'm
507 2866 548 2910 est
559 2860 585 2909 in
597 2859 638 2909 bis
651 2874 661 2908 a
673 2878 684 2902 ι
698 2859 752 2909 Non
769 2859 847 2923 igitur
865 2860 944 2922 patria
964 2866 1065 2921 praestat
1083 2859 1205 2909 omnibus.
1219 2856 1327 2908 officiis?
1344 2857 1424 2907 immo

365 2968 376 2992 ι
389 2961 450 2999 vero
462 2948 510 3011 ipsi
523 2949 609 3011 patriae
620 2948 740 3000 conducit
751 2949 908 3012 piosltebere
916 2948 1019 2999 diresin
1028 2955 1145 3011 parentes
1155 2968 1166 2992 »
1177 2963 1184 2996 ε
1196 2946 1424 3010 eiibrisedisoiet,

365 3058 376 3082 ι
391 3037 468 3087 immo
480 3051 559 3100 vero3
572 3038 616 3089 sed
629 3038 678 3101 ipsi
690 3052 716 3102 p.
730 3058 752 3087 ι.
765 3039 922 3089 Sententiam
934 3039 1002 3089 enim
1015 3039 1079 3089 banc
1091 3052 1147 3089 esse
1159 3044 1260 3102 oportet
1270 3038 1296 3087 in
1315 3047 1425 3100 respon*

362 3126 457 3188 dendo,
476 3140 551 3177 «non
564 3134 666 3189 praestat
679 3127 757 3191 patria
775 3128 893 3178 omnibus
912 3127 1011 3188 officiis,
1030 3127 1148 3191 quoniam
1167 3126 1238 3190 prins
1256 3125 1365 3176 odicium
1383 3131 1425 3175 est

361 3216 447 3266 cokre
460 3217 580 3279 pietatem
592 3230 652 3281 erga
666 3224 795 3280 parentes,
808 3218 957 3282 quepietns
968 3217 1088 3270 conducit
1105 3217 1192 3281 patriae
1206 3237 1227 3267 ».
1243 3216 1309 3266 Pace
1324 3214 1425 3265 doctis*

361 3305 419 3356 simi
433 3305 479 3354 viri
491 3320 583 3370 negem
595 3305 621 3355 b.
634 3307 650 3355 l.
665 3306 773 3357 Tullium
785 3308 938 3358 sententiam
956 3307 989 3357 dc
1008 3306 1097 3369 patrie
1113 3304 1257 3368 praestantia
1274 3303 1422 3363 mutavisse,

361 3406 417 3458 qnae
429 3396 580 3458 posthabitis
592 3396 740 3459 parentibus
751 3396 858 3447 colenda
870 3404 918 3457 est,
931 3394 998 3446 coni.
1018 3395 1038 3456 l,
1055 3393 1070 3457 ᾗ
1085 3394 1126 3444 57.
1138 3394 1189 3444 sed
1205 3392 1332 3445 existimat
1347 3391 1422 3442 saluti

360 3485 447 3547 patriae
458 3484 641 3536 consulendum
653 3499 712 3537 esse
724 3487 817 3550 pietate
836 3487 862 3536 in
882 3492 1000 3548 parentes
1016 3483 1158 3534 observata.
1178 3483 1237 3534 ideo
1257 3495 1305 3533 non
1323 3482 1421 3533 deleam

362 3580 425 3637 part.
438 3575 488 3631 sed.
502 3581 559 3637 post
570 3594 583 3619 u
592 3574 669 3626 immo
683 3589 742 3626 vero
753 3594 775 3639 u,
787 3588 862 3640 qrram
876 3574 966 3625 merito
977 3574 1090 3625 servavit
1101 3574 1193 3624 Baiter.
1201 3600 1231 3610 -
1243 3573 1269 3635 §5
1279 3570 1364 3623 tit-at.
1376 3572 1422 3621 bi·¹

360 3662 452 3713 beuter
462 3665 588 3716 assentior
599 3663 700 3729 Ungero
717 3664 831 3716 monenti
851 3664 883 3727 (i.
895 3665 913 3713 l.
927 3679 952 3727 p.
964 3662 1054 3727 nti-97)
1073 3662 1176 3713 iocum:
1197 3680 1210 3707 α
1223 3661 1316 3722 Quaerit
1333 3661 1420 3724 etiam,

360 3751 384 3801 ni
394 3752 495 3815 sepiem
498 3787 577 3805 ........
590 3766 655 3817 qnos
666 3753 803 3815 nominavi,
816 3753 990 3804 controuersia
1004 3752 1136 3803 »alienam
1149 3752 1191 3801 lric
1206 3752 1294 3801 oedem
1312 3762 1422 3813 usurpa-

361 3840 442 3903 visse;
458 3843 526 3893 nullo
537 3843 614 3894 modo
625 3843 692 3894 etaim
704 3851 874 3894 consentanea
887 3842 1002 3906 exempla
1014 3849 1137 3893 suutcum
1147 3841 1241 3904 iisqnae
1247 3852 1321 3902 supra
1330 3840 1422 3902 legun·

360 3939 411 3993 tur,
424 3939 450 3983 et
462 3932 599 3997 legitimam
610 3933 750 3998 assignanti
762 3933 828 3983 inter
840 3945 896 3995 cap.
905 3931 959 3981 lilii
968 3931 1063 3990 clxiv,
1074 3927 1422 3981 ubiredditurcontrorersia

358 4022 426 4072 inter
438 4022 614 4086 biogenemet
625 4023 784 4086 Antipatrum
793 4023 825 4073 de
833 4022 865 4071 iis
872 4034 928 4085 quae
936 4021 1019 4071 celare
1026 4020 1154 4070 nonlicet.
1163 4019 1307 4069 Mutandum
1315 4016 1421 4067 uerbum

359 4113 447 4178 quierit
459 4114 485 4163 in
498 4117 619 4178 querunt.
635 4140 666 4151 -
677 4113 689 4176 ς
699 4112 739 4163 ili.
761 4113 815 4162 Non
831 4113 887 4162 sine
904 4123 979 4162 causa
998 4109 1142 4172 suspicatur
1157 4109 1180 4157 l.
1198 4108 1230 4157 ld.
1250 4106 1422 4170 Heusingerus

358 4200 423 4250 hanc
435 4202 602 4252 sententiam:
617 4202 696 4251 «ilaec
708 4209 768 4251 sunt
779 4199 852 4265 qnasi
863 4208 1027 4250 controversa
1039 4198 1093 4247 iura
1104 4196 1267 4248 Stoicorum»
1281 4208 1295 4246 e
1307 4194 1421 4259 margine

359 4290 499 4354 proiectam
511 4300 607 4342 esse-et
619 4291 703 4342 alieno
714 4291 772 4342 loco
784 4289 900 4354 positam.
913 4290 991 4339 'iacet
1002 4287 1126 4338 Baiterns

390 4380 475 4444 XXIV,
488 4379 503 4445 5
514 4381 553 4430 92.
570 4381 732 4431 ilembmm:
751 4401 762 4425 ι
776 4380 799 4430 si
815 4392 847 4431 eo
865 4379 1052 4430 medicamento
1069 4389 1147 4428 sanus
1165 4376 1246 4428 iactus
1264 4382 1333 4427 esset
1346 4397 1369 4439 ι,
1380 4389 1419 4427 ⁴ox

359 4468 441 4522 tribus
451 4469 553 4534 optimis
564 4470 639 4521 codd.
653 4472 727 4523 Bern.
740 4470 798 4529 abc,
809 4469 836 4519 in
848 4469 988 4521 orationem
1000 4469 1085 4519 denuo
1102 4466 1210 4519 inseruit
1224 4466 1342 4525 Orellius,
1359 4465 1420 4520 licei
