3325 5159
302 704 353 760 15t
546 702 814 773 bennrunntcal,
829 713 1007 771 nutu-xnus,
1023 700 1108 758 itti

298 868 329 877 -
341 840 353 904 l
364 840 405 890 at.
417 840 547 891 Sententia
562 856 569 889 t
584 862 593 884 ι
608 844 693 905 Agros'
703 853 764 891 vero
776 847 802 890 et
814 839 919 890 aedifleia
924 875 1002 891 ........
1017 838 1146 890 bominum
1159 838 1282 889 immensa
1299 850 1363 901 pos-

298 930 380 981 sessio
393 948 406 975 »
419 929 480 978 mibi
493 929 592 980 videtur
605 928 779 980 transferenda
792 929 867 992 paulo
879 928 954 991 inira,
969 935 1026 992 post
1038 928 1116 979 verba
1128 946 1142 973 «
1154 928 1198 992 qtti
1216 934 1324 978 tractare
1336 934 1362 977 et

297 1020 334 1069 uti
345 1019 410 1069 sciat
424 1040 445 1080 ι,
458 1018 502 1068 ubi
520 1018 647 1082 oppositio
666 1031 741 1082 qnam
761 1018 855 1068 indicat
873 1018 993 1081 particula
1011 1031 1067 1067 vero
1086 1017 1178 1067 melius
1194 1016 1361 1080 intelligitur;

297 1109 420 1171 preterea
433 1108 599 1157 exclamatio:
614 1106 712 1168 «Quam
724 1115 764 1157 est
777 1107 818 1157 bic
830 1106 973 1158 fortunatus
985 1107 1111 1170 putandus
1125 1125 1137 1152 a
1149 1106 1186 1156 sic
1198 1105 1265 1156 bene
1277 1105 1362 1155 necti-

298 1204 407 1247 turcum
420 1197 451 1246 iis
462 1209 518 1261 qum
528 1197 612 1246 statim
625 1196 744 1260 leguntur
757 1211 763 1243 :
777 1196 840 1246 «cui
852 1195 900 1246 soli
913 1208 972 1245 vere
985 1195 1069 1257 liceat,
1082 1202 1163 1245 etc».
1178 1194 1285 1245 -vere
1298 1193 1362 1256 legit

299 1285 378 1334 Halm.
391 1286 587 1343 deterrimorum,
602 1299 647 1348 pro
660 1285 728 1348 vulg.
742 1286 933 1334 teterrimarum.
948 1313 978 1321 -
990 1284 1002 1346 5
1013 1284 1053 1335 28.
1073 1284 1142 1334 Idem
1155 1284 1247 1334 merito
1258 1282 1363 1332 inclusit

298 1375 422 1425 incisum:
438 1375 490 1425 «de
501 1388 550 1439 qua
563 1376 637 1425 modo
650 1375 813 1436 dicebatur»,
826 1374 909 1425 alieno
922 1375 1044 1424 lucoante
1051 1373 1158 1437 effecerit
1166 1372 1284 1435 positum,
1293 1371 1362 1435 quod

299 1464 424 1527 glossema
437 1464 530 1527 prodit,
543 1464 706 1515 monentibus
714 1463 766 1526 iam
779 1462 926 1515 lleinricbio
939 1472 966 1514 et
977 1464 1085 1513 Osanno.
1098 1488 1129 1501 -
1140 1464 1153 1525 ᾗ
1164 1462 1204 1512 29.
1224 1461 1277 1512 Nisi
1290 1462 1362 1512 inse-

298 1562 367 1603 ratur
381 1567 428 1603 vox
441 1554 531 1612 accim,
545 1566 590 1603 seu
603 1561 661 1603 ante
674 1557 812 1617 tempestat,
825 1566 871 1604 sen
884 1561 942 1603 ante
954 1553 1088 1611 detulisset,
1102 1565 1174 1615 pron.
1186 1564 1258 1615 quem
1266 1549 1360 1612 duplex

297 1656 389 1693 munus
404 1642 490 1705 babet,
504 1644 598 1705 pendet
609 1642 702 1692 enima
716 1635 794 1692 serbo
807 1643 940 1702 detulisset,
959 1649 986 1692 et
1003 1642 1145 1705 subjectum
1164 1648 1204 1690 est
1222 1640 1360 1689 verborum

297 1732 496 1781 animaduertisse
508 1739 534 1782 et
546 1732 729 1801 exclamavisse.
742 1732 861 1782 Fortasse
873 1731 914 1781 bic
926 1731 1049 1781 habemns
1057 1728 1361 1794 geminaeenunciationis

297 1821 451 1883 exemplum,
464 1833 538 1884 qnam
550 1834 596 1871 seu
609 1820 786 1884 neglexerunt,
804 1833 850 1869 seu
870 1819 934 1869 male
953 1819 1134 1870 intellexerunt
1149 1817 1256 1867 librarii.
1275 1815 1362 1867 Potuit

296 1909 364 1958 enim
376 1909 472 1958 Tullius
485 1908 617 1971 scripsisse
630 1921 676 1958 seu
690 1924 697 1957 ι
711 1928 723 1952 a
736 1909 849 1972 quicum
862 1921 893 1958 en
906 1908 1028 1958 alto......;
1044 1908 1125 1956 navim
1143 1905 1277 1956 detulisset
1280 1940 1360 1954 ........

296 1997 505 2046 animadvertisse
518 1997 614 2055 dicitur,
628 2004 677 2047 etc.
694 2016 715 2058 a,
729 2010 774 2045 sen
788 2011 794 2043 t
811 2017 820 2038 ι
835 2010 921 2059 quem,
934 2010 964 2046 ex
979 1996 1030 2045 alto
1041 1995 1141 2059 ignotas
1153 1995 1185 2043 ad
1197 2006 1279 2044 terras
1296 1993 1362 2043 etin

298 2087 427 2135 desertum
440 2086 510 2135 littus
522 2085 631 2133 delatam
633 2121 680 2133 .....
693 2084 902 2134 animadvertisse
914 2085 997 2133 dicunt
1011 2084 1036 2132 in
1048 2096 1134 2144 arena,
1147 2090 1197 2133 etc.
1212 2101 1234 2129 a.

328 2175 413 2232 livill,
425 2175 437 2236 ς
449 2175 488 2224 30.
506 2177 615 2224 Auctore
628 2174 737 2237 Dobree,
751 2173 826 2222 Ennii
840 2186 941 2223 versum
960 2180 986 2222 et
1005 2186 1060 2222 voc.
1081 2176 1148 2221 ectus
1166 2170 1247 2221 llalm.
1268 2170 1363 2220 merito

298 2264 411 2313 seclusit.
420 2292 450 2299 -
459 2264 513 2313 los.
525 2264 588 2313 Vict.
602 2263 715 2313 Clericus
724 2262 831 2312 scribit:
845 2263 892 2311 «in
905 2275 949 2312 ore
961 2274 1062 2324 semper
1074 2250 1129 2311 erat
1141 2261 1182 2321 ille
1190 2260 1222 2310 de
1230 2259 1363 2323 lpbigenia

298 2353 410 2403 Achilles
426 2355 447 2400 '·.
461 2381 491 2388 -
503 2353 529 2402 (i.
544 2353 572 2401 F.
584 2352 624 2401 W.
638 2351 737 2402 Mulier.
750 2352 783 2410 td,
796 2352 864 2402 inter
876 2352 969 2416 aliquid
981 2357 1007 2401 ct
1018 2352 1107 2409 colent,
1121 2349 1285 2400 inserendum
1302 2361 1363 2399 esse

299 2443 406 2493 monuit.

329 2532 392 2589 lllll,
406 2532 468 2595 53¹·
486 2532 555 2582 idern
566 2530 618 2593 adj.
632 2531 799 2595 locupletibus,
814 2537 895 2593 post«
910 2530 984 2581 bonis
997 2530 1056 2579 uiris
1070 2548 1091 2586 n,
1105 2542 1135 2579 ex
1149 2526 1362 2590 interpretatione

298 2630 380 2671 ortum
392 2635 449 2671 esse
461 2621 620 2683 suspicatum
637 2619 754 2683 equidem
767 2619 882 2670 omittam
895 2619 969 2668 bonis.
981 2646 1010 2656 -
1025 2619 1036 2680 ξ
1049 2617 1088 2667 32.
1109 2616 1193 2665 Malim
1208 2630 1214 2665 :
1229 2636 1239 2659 «
1255 2619 1281 2664 ut
1293 2616 1361 2665 seire

298 2711 403 2760 istarum
416 2723 499 2759 rernm
513 2709 573 2758 nibil
583 2729 605 2768 ι,
619 2722 663 2771 pro
677 2707 745 2772 vulg.
758 2711 820 2765 oot,·
831 2708 905 2759 deest
917 2708 985 2757 enim
997 2688 1124 2769 oppositio
1135 2706 1239 2756 interea
1248 2703 1361 2768 quaejam

298 2800 364 2851 dicta
376 2806 435 2849 snnt
446 2806 472 2849 et
484 2812 512 2847 ea
525 2811 580 2862 qnae
592 2806 741 2861 sequuntur.
755 2825 784 2834 -
796 2798 915 2848 Omittam
926 2801 951 2847 et
962 2798 1030 2847 inter
1041 2798 1074 2845 stt
1086 2804 1112 2847 et
1123 2796 1218 2845 melios.

328 2888 392 2948 lilll,
408 2889 420 2950 ᾗ
435 2888 474 2938 34.
499 2887 617 2936 Fortasse
637 2886 816 2949 particulam,
837 2900 893 2950 quae
911 2894 970 2937 ante
990 2885 1079 2937 Groecir
1098 2886 1124 2935 in
1144 2885 1234 2935 codice
1254 2884 1359 2948 legitur,

299 2984 354 3026 orta
366 2984 405 3026 est
417 2990 449 3026 ex
461 2975 612 3039 compendio
624 2988 680 3025 voc.
692 2976 794 3025 duobos.

328 3066 404 3127 Xllll,
413 3066 469 3128 535.
479 3065 578 3114 Malim:
589 3086 599 3107 ι
609 3078 692 3114 nonne
699 3078 740 3114 me
748 3065 895 3115 inertiorem
905 3077 962 3115 esse
970 3063 1108 3114 confitear?
1118 3082 1141 3126 a,
1151 3077 1196 3126 pro
1206 3083 1217 3107 ι
1227 3076 1277 3113 aon
1285 3075 1326 3113 me
1337 3082 1360 3124 ν,

330 3154 416 3218 ΧΧΙΙΙ,
429 3156 441 3217 §
452 3156 492 3205 ot.
513 3156 567 3205 Non
580 3168 719 3219 repugnem
737 3155 826 3206 critico
842 3155 868 3204 in
884 3155 1053 3217 adliciendum
1073 3167 1131 3205 esse
1147 3154 1273 3215 censenti,
1293 3154 1360 3203 iuter

299 3248 382 3294 actem
399 3251 424 3294 et
442 3244 539 3293 studiis.
551 3270 582 3279 -
593 3243 696 3307 begam.
716 3258 774 3293 cum
793 3242 898 3305 Orellio,
919 3243 1063 3303 bominibus,
1083 3250 1142 3294 ante
1164 3242 1282 3305 «scripta
1300 3248 1360 3292 sunt

299 3333 381 3382 omnia
396 3351 418 3394 n,
431 3346 477 3395 pro
488 3331 547 3381 lect.
561 3331 636 3382 codd.
648 3332 724 3382 nobis.

328 3420 413 3482 xxiv,
426 3421 440 3485 ἓ
451 3420 489 3471 38.
508 3420 546 3470 Ex
559 3421 616 3471 cod.
631 3420 744 3485 vestigiis
755 3421 825 3471 addit
837 3420 918 3470 llalm.
931 3422 988 3479 tom,
997 3419 1056 3470 ante'
1069 3438 1081 3465 u
1090 3419 1251 3484 ingrediarin
1259 3419 1325 3482 disp.
1337 3439 1357 3468 ι.

298 3539 327 3549 -
340 3511 409 3561 ldem
420 3510 526 3561 seclusit
538 3529 551 3555 u
565 3518 617 3561 tum
628 3511 730 3561 demum
745 3532 766 3572 ι,
779 3518 839 3560 ante
851 3511 959 3570 decebit;
972 3511 1040 3574 quod
1052 3510 1146 3561 nollem
1158 3509 1259 3560 iactum.

329 3586 413 3660 xxvi,
426 3600 437 3661 ξ
450 3600 489 3649 tt.
507 3599 552 3648 Vix
564 3600 671 3663 intelligi
684 3605 768 3663 potest
780 3613 827 3650 vox
840 3601 969 3658 uirtutum,
985 3606 1042 3663 post
1052 3600 1224 3663 reliquorum·
1239 3598 1359 3663 suspicor

297 3689 434 3753 legendum
452 3702 510 3740 esse
528 3689 672 3745 ciuitatum:
691 3688 757 3738 eoni.
776 3689 851 3752 paulo
869 3687 954 3739 inira:
975 3689 1082 3739 «omnis
1100 3688 1199 3751 civitas,
1219 3698 1270 3739 etc.
1286 3708 1308 3750 »‚
1327 3714 1359 3726 -

299 3778 362 3840 §te
374 3778 468 3840 Legam
482 3794 488 3827 :
503 3799 513 3822 «
528 3779 572 3828 sed
586 3784 614 3827 nt
624 3777 691 3828 aliud
704 3778 753 3827 alio
767 3778 847 3841 possit
858 3791 916 3828 esse
929 3778 1117 3842 praestantius».
1130 3806 1161 3814 -
1174 3777 1273 3827 Malim:
1288 3790 1358 3827 «non

297 3868 392 3917 inculto
404 3875 470 3917 statu
484 3886 507 3930 ι,
521 3881 567 3930 pro
580 3867 647 3931 vulg.
659 3867 760 3925 incerto,
778 3867 887 3918 Orellius
906 3868 1058 3930 conjiciebat
1074 3868 1197 3927 inornata,
1210 3868 1269 3918 coll.
1283 3868 1295 3929 ς
1307 3866 1357 3915 ta:

300 3979 309 3998 ι
325 3969 375 4006 non
387 3955 491 4005 tenebat
501 3963 617 4005 ornatum
630 3968 703 4005 suum
715 3956 805 4005 civitas
819 3976 841 4004 ».

329 4044 425 4105 xxvu,
438 4043 452 4108 ᾖ
464 4044 503 4094 t3.
521 4044 678 4107 Distinguam
694 4057 752 4095 cum
768 4043 882 4095 Orellio:
904 4062 916 4089 u
930 4057 987 4094 cum
1008 4050 1141 4108 regeretur
1157 4044 1232 4093 nnius
1250 4052 1312 4094 nutu
1329 4056 1358 4093 ac

299 4133 383 4183 modo.
403 4133 429 4182 Si
448 4133 629 4192 Massilienses,
649 4141 699 4182 etc.
720 4153 730 4174 ι
753 4140 782 4182 ut
800 4132 865 4183 inira
886 4133 999 4197 legitur:
1023 4133 1077 4182 «Si
1097 4132 1267 4184 Athenienses
1287 4153 1307 4181 ι.
1328 4160 1359 4168 -

297 4220 311 4284 5
323 4220 363 4270 tt.
378 4220 470 4284 Legam
482 4234 539 4271 cum
551 4222 651 4272 Mosero
665 4236 671 4269 :
687 4242 697 4264 ι
711 4224 794 4284 Atque
806 4222 846 4270 bic
858 4202 948 4285 louuor
961 4240 983 4280 a,
996 4236 1042 4284 pro
1054 4239 1067 4266 α
1075 4222 1119 4270 lroc
1131 4221 1220 4285 loquor
1230 4241 1250 4268 ι.
1263 4249 1294 4258 -
1306 4220 1360 4271 Me-

298 4310 347 4360 rito
358 4318 505 4373 suspectum
519 4311 599 4360 visum
612 4318 652 4361 est
663 4311 770 4361 verbum
781 4311 945 4373 terraemotu
959 4311 1042 4375 itaque
1050 4311 1079 4360 G.
1089 4312 1224 4361 liermann.
1233 4312 1359 4376 conjecit:

298 4421 309 4444 ι
322 4400 354 4451 ad
366 4398 517 4449 invitandam
528 4400 604 4448 animi
618 4400 746 4452 licentiam
761 4415 790 4461 »;
804 4400 903 4451 bobree
918 4416 924 4449 ε
940 4421 950 4443 ι
964 4397 1190 4451 ad'immutandom
1207 4402 1284 4452 animi
1300 4416 1359 4452 sen·
1427 4400 1432 4411 “
