3325 5159
430 594 664 651 Acaccurconuu
678 605 881 651 rosmmonuu
895 595 917 665 l,
934 607 1040 663 vr-vur,
1055 595 1150 653 23-33.
1292 600 1319 652 ll

255 745 333 797 quam
351 732 498 792 desideres;
517 731 674 781 adnotatoris
689 730 821 793 cujusdam
833 731 911 794 igitur
924 744 974 781 nou
986 732 1084 782 indocti
1094 732 1240 794 opinionem
1257 735 1282 783 in
1294 749 1324 784 ea

256 822 431 873 verisimiliter
441 822 560 885 legimus.

289 914 329 973 Vl,
348 912 360 975 5
375 912 415 962 tt.
433 911 494 962 Post
505 911 583 961 verba
604 932 615 953 ι
629 924 717 960 earum
730 924 840 961 rerum»
862 911 958 961 lacuuae
976 912 1077 974 signum
1097 914 1183 975 posuit
1199 914 1324 976 Halmius,

255 1003 301 1066 qui
313 1008 402 1052 censet
413 1001 544 1065 adpetitus,
556 1001 611 1051 sive
624 1002 739 1065 adpetitio
752 1001 791 1049 vel
810 1001 895 1050 simile
908 1002 1105 1062 substantivum,
1121 1004 1189 1065 quod
1206 1004 1239 1053 slt
1259 1018 1324 1054 con-

256 1090 361 1139 trarium
374 1089 501 1151 superiori
510 1087 728 1151 supo,autbicaut
737 1096 794 1151 post
808 1090 1018 1151 «praescriptione
1027 1097 1140 1140 naturae=
1150 1091 1322 1143 intercidisse.

256 1182 290 1228 lit
302 1179 429 1242 quoddam
441 1178 611 1242 oppositionis
628 1178 740 1240 siguum,
761 1178 861 1240 opinor,
877 1179 967 1228 Cicero
985 1179 1136 1237 addidisset,
1157 1184 1210 1229 tum
1226 1181 1324 1229 scilicet
1353 1197 1356 1202 ·

255 1268 429 1331 geminatum3
442 1275 565 1330 praeterea
579 1289 589 1309 «
602 1266 661 1330 luga
674 1268 779 1316 desidiae
791 1268 999 1333 voluptatumque
1011 1269 1168 1331 contemptio
1188 1290 1198 1312 o
1216 1283 1265 1318 nou
1277 1283 1323 1319 so-

256 1358 309 1406 lum
320 1356 438 1407 dolorum
449 1356 552 1406 honesti
563 1368 649 1413 causa,
666 1357 711 1405 sed
725 1357 802 1405 etiam
814 1370 899 1405 rerrrm
912 1358 1106 1420 congruentium
1119 1371 1176 1407 cum
1189 1359 1325 1421 praescrip-

256 1446 327 1496 tione
347 1451 442 1494 naturae
460 1444 641 1507 susceptionem
659 1444 772 1503 adducit,
791 1444 841 1501 vel,
861 1446 883 1493 si
902 1447 992 1507 mavis,
1005 1453 1119 1508 utsupra
1132 1447 1322 1511 innuitnoster,

256 1545 345 1581 earum
356 1545 442 1580 rerum
454 1532 672 1587 conservationem,
685 1544 741 1593 quae
754 1545 801 1581 vox
814 1533 908 1594 opponi
921 1533 1001 1594 possit
1014 1534 1141 1595 superiori
1152 1533 1221 1597 supa.
1230 1535 1323 1597 *52⁴-

257 1622 306 1670 Pro
318 1621 428 1670 lectione
440 1621 557 1671 codicum
568 1629 687 1683 suspecta
700 1635 786 1686 eoque,
799 1622 904 1671 Manutii
917 1635 965 1670 «ea
978 1636 1026 1685 qua
1035 1642 1057 1683 »,
1066 1623 1168 1673 Gruteri
1182 1638 1322 1687 «eaquaen,

256 1722 331 1770 quam
342 1708 445 1757 admisit
457 1707 578 1764 Halmius,
592 1708 674 1769 legam
686 1722 743 1756 cum
756 1709 875 1757 Turnebo
888 1716 914 1758 et
927 1709 1049 1758 Lambiuo
1062 1727 1073 1752 v
1088 1724 1120 1758 ec
1140 1725 1189 1775 quo
1205 1711 1323 1760 ellicere·

256 1803 297 1845 tur
307 1797 397 1845 ·.-si
407 1797 469 1845 velis
480 1810 585 1846 servare
597 1798 751 1846 sententiam
761 1798 883 1847 lambino
896 1812 945 1847 non
958 1798 1013 1847 sine
1021 1811 1096 1848 causa
1104 1799 1323 1862 suspectam‚quia

256 1888 283 1936 b.
292 1886 309 1935 l.
322 1886 404 1936 aliena
417 1893 470 1935 est:
484 1904 497 1929 a
507 1885 573 1934 Mibil
585 1894 626 1935 est
637 1886 705 1935 enim
717 1887 785 1950 quod
797 1900 848 1935 uon
860 1887 954 1937 alicubi
966 1901 1024 1937 esse
1036 1896 1173 1951 cogatur»,
1187 1889 1324 1952 legendum

256 1980 340 2025 orclem
352 1989 398 2038 pro
410 1976 486 2024 euim.

287 2066 337 2124 vll,
355 2067 367 2129 5
382 2064 423 2115 26.
442 2066 535 2128 begam
546 2078 603 2114 cum
618 2063 716 2114 illota:
732 2087 742 2107 «
759 2065 796 2114 uti
808 2064 893 2115 iecisti
907 2084 919 2110 a
932 2079 978 2128 pro
993 2088 1003 2109 ι
1017 2074 1046 2116 ut
1058 2066 1165 2117 effecisti
1181 2088 1202 2114 ».
1216 2068 1324 2117 —Velit

256 2155 368 2205 lialmius
380 2154 476 2219 reliqua
488 2167 535 2216 pro
547 2153 657 2217 relique,
671 2166 728 2202 nam
740 2154 841 2203 videtur
850 2158 935 2218 portes
943 2156 1119 2216 accusativus3
1133 2170 1209 2216 vere;
1222 2157 1267 2205 sed
1281 2157 1324 2204 ba-

255 2245 311 2294 beri
327 2244 409 2307 possit
425 2244 677 2305 interpretamentum
695 2243 765 2292 vocis
775 2244 825 2291 cim
840 2251 866 2293 et
885 2244 977 2293 omitti.
995 2272 1024 2280 -
1037 2245 1048 2306 5
1059 2243 1100 2292 tt.
1113 2244 1233 2294 Codicum
1246 2245 1323 2294 lectio

254 2334 339 2396 effecto
351 2331 414 2381 mibi
428 2332 528 2382 videtur
539 2331 672 2381 servanda.
685 2332 763 2380 dead.
778 2333 857 2393 prior.
871 2332 882 2393 5
899 2333 929 2381 l8
941 2331 1050 2393 efficium
1066 2332 1184 2394 jurrrgitur
1198 2346 1256 2381 eum
1272 2333 1323 2379 im-

251 2437 374 2487 pressum.
387 2451 419 2459 —
431 2423 579 2486 legendum
591 2434 648 2470 esse
660 2435 755 2471 censeo
767 2422 876 2470 subinde
891 2437 896 2469 ε
913 2443 922 2462 ι
936 2435 992 2485 quae
1009 2436 1113 2486 corporo
1125 2424 1208 2472 omnia
1224 2439 1252 2482 »ς
1265 2437 1321 2473 voc.

254 2515 314 2570 toto,
326 2511 394 2574 quod
407 2511 486 2560 movit
497 2511 645 2561 criticorum
658 2510 842 2570 dubitationes,
856 2517 938 2559 ortum
950 2510 1051 2560 videtur
1062 2525 1093 2560 ex
1107 2512 1260 2574 compendio
1276 2526 1322 2560 vo-

254 2601 293 2650 cis
304 2613 409 2663 ccrporu
422 2599 487 2649 male
507 2597 647 2648 intellecto.
661 2598 766 2661 Bentley
778 2598 951 2659 conjiciebat:
968 2619 977 2641 «
993 2605 1031 2648 tot
1042 2598 1137 2649 lormas
1151 2620 1160 2641 ι
1180 2613 1225 2661 pro
1243 2622 1253 2642 u
1269 2606 1320 2649 tota

253 2689 366 2748 omnia»;
377 2687 458 2737 bavis.
471 2686 584 2737 «formas
597 2700 686 2737 omnes
696 2709 716 2735 ι.
725 2714 756 2722 -
764 2688 885 2737 Libenter
896 2687 980 2751 legam
993 2703 1050 2738 cum
1059 2688 1186 2738 Gbristio:
1199 2704 1322 2753 «cumque

253 2778 330 2826 etiam
342 2777 447 2826 interire
461 2789 491 2835 ις
503 2776 559 2825 scil.
573 2776 715 2825 materiam.
727 2803 758 2810 —
770 2776 782 2837 5
794 2776 833 2824 29.
851 2776 970 2840 Plerique
982 2778 1065 2827 critici
1076 2778 1203 2841 quoddam
1217 2779 1321 2827 verbum

254 2867 334 2915 latere
347 2865 395 2915 sub
408 2877 471 2915 voce
483 2864 547 2913 iuter
558 2869 674 2920 censent,
687 2865 756 2926 quod
770 2878 859 2914 revera
876 2866 966 2926 deest;
979 2867 1033 2929 fieri
1047 2866 1183 2928 Manutius,
1201 2868 1237 2916 irc
1249 2868 1323 2917 liavi-

253 2955 315 3017 sius,
341 2956 440 3004 evenire
463 2953 613 3010 Turnebus,
637 2953 785 3001 intervenire
807 2954 919 3004 Halmius
943 2956 984 3004 cui
1008 2955 1160 3018 suffragatur
1182 2958 1322 3020 Madvigius

254 3045 381 3109 (Addeud.
394 3058 419 3106 p.
432 3044 505 3103 854),
518 3056 566 3106 ego
579 3055 640 3091 vero
652 3042 737 3090 malim
750 3043 846 3091 addere
859 3057 911 3091 esse
923 3050 981 3105 post
991 3044 1077 3106 possit,
1090 3051 1116 3092 et
1128 3044 1216 3106 legere
1230 3046 1323 3093 intelli-

252 3138 346 3197 pentcs,
360 3148 406 3197 pro
418 3134 499 3189 intem
516 3132 625 3182 fortasse
637 3132 714 3181 etiam
726 3131 783 3180 fluis
800 3133 871 3182 vocis
889 3131 951 3182 latet
968 3132 993 3180 in
1008 3146 1069 3182 voce
1082 3134 1153 3197 quoni
1164 3147 1219 3193 quae
1230 3133 1322 3183 abesse

254 3229 356 3284 posset3
369 3220 520 3283 compendia
533 3227 617 3270 tamen
629 3220 701 3269 verbi
713 3220 853 3283 intellipere
866 3221 933 3270 varia
946 3227 973 3270 et
984 3220 1075 3270 crebra
1087 3229 1147 3270 sunt
1159 3222 1184 3270 in
1197 3223 1272 3271 codd.

285 3311 353 3372 llll,
371 3312 382 3373 5
398 3310 439 3360 3l.
457 3311 526 3359 Bene
546 3309 670 3359 Christius
687 3316 774 3358 monet
791 3310 929 3372 legendum
949 3323 1030 3359 esse:
1051 3331 1061 3352 ι
1086 3323 1134 3359 nec
1152 3311 1246 3374 percipi
1263 3312 1315 3361 ullo

253 3399 329 3448 modo
343 3419 364 3456 »,
385 3412 431 3460 pro
449 3398 517 3460 vulg.
534 3398 677 3461 percipere,-
694 3398 778 3461 agitur
797 3399 866 3447 enim
884 3399 916 3448 de
933 3407 1029 3447 mente.
1044 3426 1073 3433 -
1086 3399 1173 3449 Edidit
1184 3399 1316 3448 Halmius:

253 3508 264 3530 α
273 3502 351 3537 uuum
363 3493 433 3537 essct
445 3490 470 3535 ct
481 3493 601 3536 constans
612 3507 634 3547 ι,
648 3487 715 3549 quod
728 3486 836 3549 requirit
847 3489 985 3536 sententia.
994 3514 1023 3524 —
1036 3488 1130 3547 Malim,
1144 3501 1201 3536 cum
1214 3488 1317 3544 Orellio,

252 3576 375 3637 opinabile
387 3589 462 3639 quam
475 3576 642 3638 opinabilem
655 3582 683 3624 nt
697 3575 883 3637 respondeatur
895 3588 979 3637 graeco
995 3566 1023 3617 τὸ
1038 3562 1165 3629 δοξαστόν.
1196 3602 1227 3609 -
1247 3576 1259 3636 5
1281 3576 1320 3624 3⁶2.

252 3666 321 3716 Loco
334 3673 401 3715 mota
419 3666 540 3727 particula
554 3666 625 3729 quasi
638 3665 714 3713 linem
726 3663 802 3726 bujus
814 3665 826 3726 5
839 3665 844 3697 l
859 3663 1027 3725 perturbavit,
1040 3676 1115 3726 quam
1132 3664 1169 3712 sic
1182 3664 1323 3712 restituen-

252 3756 309 3804 dam
322 3767 381 3805 esse
394 3756 502 3817 opinor:
517 3776 527 3796 ι
542 3755 603 3803 Post
615 3754 773 3816 argumentis
784 3752 937 3815 quibusdam
950 3760 977 3801 et
990 3766 1077 3802 rerum
1089 3753 1157 3801 notis
1169 3753 1240 3815 quasi
1253 3752 1323 3800 duci·

251 3842 301 3892 bus
313 3844 450 3893 utebantur
461 3844 493 3892 ad
507 3843 665 3905 probandum
678 3848 705 3891 et
721 3843 752 3891 ad
765 3841 970 3891 concludendum
989 3843 1014 3891 id
1027 3843 1095 3905 quod
1109 3841 1238 3903 explanari
1252 3841 1323 3889 vole-

252 3930 333 3981 bant:
355 3931 380 3980 in
400 3944 449 3994 qua
466 3933 488 3979 si
510 3931 658 3981 tradebatur
677 3930 760 3980 omnis
776 3927 918 3978 dialecticae
936 3930 1085 3991 disciplina,
1104 3928 1128 3977 id
1146 3935 1185 3976 est
1198 3928 1321 3976 orationis

252 4020 349 4069 ratione
372 4021 514 4081 concluse,
534 4020 593 4069 boio
609 4032 642 4068 ex
661 4018 740 4068 altera
764 4025 836 4080 parte
856 4019 894 4067 vis
919 4018 1022 4068 dicendi
1043 4016 1227 4076 adhibebatur,
1244 4023 1319 4065 etc·

250 4109 369 4158 omittam
385 4122 443 4158 cum
462 4109 560 4158 lialmio
580 4122 635 4158 voc.
658 4107 776 4156 oratorio.
797 4107 823 4155 Si
842 4108 912 4169 legas
935 4107 984 4154 «in
1003 4119 1052 4169 quc
1070 4104 1093 4153 si
1113 4105 1203 4155 trad.»
1226 4104 1323 4154 intelli-

251 4199 364 4260 gendum
380 4202 453 4261 ports
465 4235 471 4255 ‚
483 4199 557 4261 cujus
576 4198 698 4260 ellipseos
715 4197 832 4260 exempla
852 4210 902 4245 non
923 4196 1030 4253 desunt,
1051 4195 1091 4244 vel
1111 4195 1248 4258 legendnm
1267 4215 1277 4237 c.
1296 4194 1321 4242 in

252 4301 332 4351 quo.»
351 4288 406 4349 -5
422 4288 462 4336 33.
478 4285 609 4335 llaeserunt
621 4286 735 4336 editores
748 4292 775 4335 et
786 4286 872 4335 critici
891 4285 916 4333 in
937 4286 1017 4347 prima
1034 4285 1110 4347 bujus
1129 4286 1158 4346 5i
1178 4283 1319 4342 sententia,

250 4376 295 4424 alii
305 4376 354 4425 alia
365 4374 515 4437 conjiciunt,
534 4382 560 4425 et
580 4387 626 4437 pro
646 4388 702 4425 voc.
716 4376 801 4439 primo
820 4375 909 4439 legunt
925 4388 971 4425 seu
988 4375 1110 4432 doctrino,
1123 4387 1170 4424 seu
1182 4372 1321 4436 disciplina,
