3325 5159
300 522 335 579 ta
484 519 717 576 bcannmconnn
731 528 934 573 rosrnnronnrt
949 516 971 585 l,
986 527 1070 585 x-xu,
1087 514 1179 571 {ld-ib.

297 660 352 709 sive
370 659 444 720 ratio,
463 658 517 708 sive
528 655 628 718 fortun·
647 655 709 705 mibi
727 667 788 705 vero
805 655 831 704 in
850 661 961 704 mentem
979 653 1049 705 venit
1061 653 1148 716 legere
1158 651 1295 715 prouincia,
1310 665 1370 715 qnae

298 759 347 796 vox
359 759 411 795 uon
430 746 495 795 male
507 745 647 806 respondet
666 744 746 793 verbo
764 743 873 799 tradito;
891 742 968 807 igitur
985 741 1115 791 scribam:
1139 740 1222 789 «llaec
1241 747 1297 789 erat.
1316 740 1369 789 illis

294 834 420 899 prouincia
438 834 569 883 aPlatone
588 833 689 895 tradita,
707 830 781 893 eujus
797 844 860 895 quas
879 831 1022 893 acceperim
1039 830 1228 887 demutationes,
1247 829 1269 878 si
1289 829 1369 879 vultis

297 936 456 986 exponam.»
477 923 557 972 Codd.
577 922 671 971 habent
690 922 867 985 disputationes
885 934 941 984 quae
961 934 1008 971 vox
1028 919 1115 983 spuria
1135 919 1188 969 visa
1209 926 1264 978 est;
1284 919 1369 969 edidit

298 1013 410 1062 Halmius
424 1013 620 1069 immutationes,
630 1010 811 1061 Baiterusvelit
823 1011 1016 1075 dimunitionem
1029 1008 1096 1060 conl.
1108 1009 1202 1073 jubens
1215 1009 1291 1059 verba
1304 1009 1370 1058 lnbe-

296 1099 406 1162 [σιωπὴ
417 1098 491 1162 fregit
502 1112 558 1163 quae
570 1098 635 1149 inira
648 1100 784 1163 leguntur;
797 1100 819 1148 si
832 1098 926 1163 probes
939 1112 1028 1149 vocem
1038 1100 1178 1162 provincio,
1190 1112 1240 1149 non
1249 1097 1370 1160 displice*

301 1191 337 1240 bit
349 1190 537 1247 deminutiones,
551 1202 608 1238 nam
620 1189 729 1239 invicem
741 1200 770 1238 se
782 1196 897 1239 tuentur.

329 1280 360 1341 ll,
378 1280 390 1342 5
406 1280 447 1329 36.
464 1278 641 1329 Sententiam:
662 1300 671 1321 a
686 1279 730 1328 llis
748 1279 811 1341 ipsis
826 1278 875 1327 alia
896 1279 1028 1329 interiecta
1044 1286 1071 1329 et
1087 1279 1170 1329 media
1189 1279 1366 1329 numerabat»

299 1369 425 1420 Christius
438 1369 494 1418 loco
507 1368 658 1417 movendam
670 1379 728 1417 esse
739 1374 840 1430 censet,
854 1375 880 1417 et
893 1375 949 1430 post
962 1368 1038 1418 verba
1054 1380 1129 1431 «quae
1138 1368 1271 1430 minoris»,
1280 1368 1302 1429 (5
1313 1368 1368 1432 375

300 1459 519 1513 transferendam:
536 1458 635 1507 Halmio
654 1457 739 1519 potius
756 1458 885 1521 adjectitia
899 1458 1009 1520 videtur,
1028 1459 1122 1521 quippe
1135 1459 1210 1507 etiam
1222 1459 1255 1508 de
1267 1458 1369 1507 Latini·

301 1555 351 1598 tate
363 1554 481 1609 suspecta
492 1561 499 1607 3
512 1547 553 1595 cni
566 1545 638 1595 tacite
650 1546 790 1597 adsentior.
803 1576 832 1584 -
845 1547 857 1609 5
869 1546 909 1596 37.
924 1546 1040 1609 Qttaedem
1053 1553 1110 1609 post
1122 1547 1216 1597 locabat
1227 1546 1314 1597 delere
1324 1559 1369 1597 vo·

299 1638 368 1688 lebat
379 1638 529 1696 Wallterus;
546 1637 615 1686 idem
626 1648 730 1685 censeo.

301 1767 303 1771 .
331 1728 372 1786 xi,
390 1729 401 1789 5
417 1727 456 1777 39.
475 1726 586 1789 Madvig.
600 1726 726 1788 (addend.
741 1740 768 1787 p.
784 1725 841 1787 ent)
853 1725 1017 1774 scribendum
1030 1737 1087 1774 esse
1099 1733 1199 1776 monet:
1213 1726 1369 1776 «statuebat

299 1817 367 1867 enim
381 1817 467 1880 ignem
479 1828 537 1865 esse
550 1816 629 1878 ipsam
642 1822 768 1875 naturam,
781 1828 838 1878 quac
846 1815 951 1879 quoique
962 1815 1080 1878 gigneret
1092 1822 1203 1865 mentem
1216 1823 1291 1879 atque
1304 1829 1369 1865 sen-

299 1918 356 1953 sum
365 1924 386 1965 »‚
401 1917 445 1965 pro
465 1904 532 1965 vulg.
547 1903 665 1967 quidque.
677 1931 707 1938 —
719 1904 730 1964 5
742 1904 782 1951 to.
799 1903 895 1951 'luetur
908 1903 1017 1966 Madvig.
1032 1903 1104 1966 (Exn.
1123 1903 1175 1953 lad
1187 1903 1239 1952 Cic.
1252 1903 1286 1953 de
1298 1903 1366 1965 ltin,

301 2006 324 2053 p.
343 1990 399 2050 810)
420 1990 579 2052 participium
596 1990 704 2053 'iunctum
722 1989 791 2052 quod
810 1989 936 2039 referatur
954 1989 986 2038 ad
1004 1990 1111 2040 alterum
1131 1990 1266 2040 sententiae
1286 2004 1366 2039 mem-

301 2080 373 2129 brum
388 2095 393 2126 :
409 2100 419 2122 ‹
438 2080 487 2128 Sed
499 2079 530 2128 ad
543 2079 597 2127 baec
609 2091 665 2142 qrrae
678 2079 730 2128 visa
742 2084 802 2128 sunt
813 2086 839 2129 et
851 2078 925 2141 quasi
936 2085 1040 2141 accepta
1052 2078 1172 2128 sensibus
1185 2078 1366 2129 adsensionem

300 2168 413 2229 adiungit
423 2167 566 2216 animorum
580 2185 601 2213 a.
619 2168 660 2227 dt,
674 2166 699 2214 ni
713 2166 795 2226 fallor,
815 2167 951 2230 distinguit
962 2166 1052 2216 Cicero
1064 2166 1243 2230 impulsionem
1255 2167 1366 2217 oblatam

300 2256 460 2306 extrinsecus
474 2256 507 2304 ab
523 2255 665 2304 animorum
681 2254 851 2315 adsensione,
871 2269 920 2305 non
939 2255 1029 2306 debuit
1047 2269 1109 2319 ergo
1128 2256 1219 2306 eodem
1238 2256 1274 2305 uti
1294 2268 1366 2305 voca·

301 2343 361 2393 bulo
372 2358 379 2403 ;
391 2356 469 2407 qnare
482 2344 574 2407 legam,
588 2357 633 2405 pro
645 2343 750 2401 iunctos,
762 2356 808 2393 seu
820 2348 911 2404 motor,
924 2356 970 2393 seu
983 2344 1067 2405 potius
1078 2348 1163 2393 tontes.

332 2432 385 2492 xit,
403 2432 587 2495 §integere
607 2431 702 2481 velim:
722 2452 733 2473 a
751 2432 930 2482 Verumtamen
957 2445 1015 2482 esse
1031 2432 1143 2481 arbitror
1160 2446 1187 2491 »;
1208 2431 1266 2482 libri
1284 2432 1365 2482 dant:

302 2542 312 2562 ι
326 2520 418 2569 Verum
431 2533 488 2570 esse
500 2527 585 2570 autem
602 2520 713 2570 arbitror
727 2534 755 2580 »3
775 2520 889 2570 Halmius
905 2520 1008 2570 inclusit
1021 2523 1113 2569 nutem.
1127 2547 1157 2556 —
1169 2521 1181 2582 5
1192 2521 1232 2570 il.
1250 2521 1367 2570 Fortasse

300 2609 438 2671 scripserat
449 2609 545 2658 Tullius
559 2624 565 2657 τ
580 2630 590 2649 ι
605 2607 767 2669 opinionibus
779 2608 920 2658 inveteratis
932 2608 1015 2658 omnia
1029 2608 1112 2659 teneri
1120 2630 1141 2671 ι,
1155 2622 1201 2671 pro
1213 2607 1282 2671 vulg.
1294 2630 1303 2650 ι
1314 2609 1365 2671 opi·

300 2698 418 2747 ninnibns
430 2701 454 2747 et
464 2698 593 2753 institutit,
606 2704 671 2746 etc.»
686 2698 733 2758 -5
745 2698 785 2747 td.
803 2697 955 2759 Legendum
971 2704 1020 2757 est,
1033 2711 1078 2761 pro
1091 2698 1202 2761 enpoaoi,
1216 2705 1244 2747 ut
1253 2698 1306 2760 iam
1319 2698 1367 2759 pri·
1427 2716 1429 2719 ·

299 2785 358 2835 dem
371 2786 469 2836 viderat
480 2786 603 2847 bairand,
616 2787 752 2848 exposuisti
762 2805 770 2841 ,·
782 2785 824 2835 cni
837 2787 940 2837 tandem
952 2786 1059 2836 Kriscbe
1076 2792 1103 2836 et
1115 2785 1186 2836 Halm
1201 2786 1366 2848 obtempera-

303 2881 403 2925 rerunt.
