3325 5159
556 598 598 656 ltu
612 610 650 657 uu
663 610 788 656 rustici
801 598 851 671 111,
866 610 1007 667 111-xxxv,
1023 597 1098 657 bii.
1307 596 1359 655 159

298 738 473 788 sustinendum.
486 764 517 773 -
529 737 676 801 cheudum
688 749 746 788 esse
758 736 849 800 opinor
861 754 874 782 u
888 736 949 786 bellu
961 736 1116 800 gerebantur
1129 755 1152 796 n,
1161 734 1203 809 ¹vel
1215 734 1358 786 addendum

298 839 356 876 curn
368 825 467 877 biosero
480 826 603 891 dumique.

329 915 435 977 XXXlV‚
449 915 512 977 559.
529 915 646 966 Fortasse
659 915 811 979 legendum:
827 914 968 966 «Defuerat
980 914 1087 965 fortusse
1099 914 1181 978 aliqua
1194 913 1266 971 ratio,
1275 920 1326 966 ete.
1337 933 1358 975 ι,

298 1006 366 1068 quoti
378 1005 469 1054 meiius
480 1012 633 1074 congrueret
645 1018 702 1054 cum
716 1005 747 1054 iis
759 1017 814 1068 quae
826 1003 1012 1067 subjiciuntur3
1025 1004 1062 1054 sic
1074 1016 1124 1053 nou
1142 1016 1206 1067 opus
1221 1003 1270 1052 erit
1286 1002 1359 1066 quic-

298 1107 373 1157 quam
386 1099 483 1143 mutare
495 1093 521 1142 in
535 1094 635 1144 verbis:
649 1112 662 1139 n
672 1093 715 1144 illo
727 1107 778 1145 aere
789 1094 873 1144 alienu
886 1094 1005 1144 medendi
1016 1114 1035 1143 ·.
1044 1122 1073 1129 -
1083 1094 1201 1144 Libenter
1212 1093 1295 1157 legam
1303 1105 1360 1142 eum

298 1182 399 1232 Museru
408 1198 415 1230 t
425 1204 437 1226 ι
446 1182 505 1233 buic
513 1184 584 1232 onerl
593 1203 615 1246 a,
630 1197 675 1247 pro
687 1184 753 1248 vulg.
763 1184 855 1247 ceneri.
866 1212 896 1221 —
907 1184 960 1234 los.
969 1184 1034 1233 Vict.
1043 1184 1155 1235 Clericus
1163 1182 1266 1246 conjicit
1277 1187 1361 1232 tenen·

298 1274 369 1330 libne,
390 1286 436 1335 pro
454 1273 586 1327 tuentibus.
598 1302 629 1310 -
641 1274 725 1324 Malim
745 1275 900 1334 excellerent,
923 1274 990 1338 quoti
1010 1274 1094 1324 miuus
1110 1286 1123 1323 a
1141 1273 1237 1324 codicis
1253 1271 1362 1346 lectione

297 1360 383 1411 differt
394 1375 468 1425 qurum
481 1362 666 1412 antecellerent.
1313 1352 1317 1362 '

328 1449 424 1507 XXXV,
443 1450 455 1513 5
473 1450 512 1500 60.
531 1451 627 1514 Sequar
646 1452 737 1501 litium
755 1452 913 1502 scribentem
933 1451 1017 1514 leuem,
1040 1464 1085 1514 pro
1104 1464 1165 1509 rem,
1187 1457 1245 1514 pust
1262 1450 1360 1501 verba:

298 1557 310 1581 ι
323 1546 471 1602 gratamque
482 1539 558 1588 etiam
571 1540 639 1589 illam
653 1560 674 1588 n.
687 1568 718 1577 -
729 1540 839 1604 iladvig.
854 1541 991 1605 legendum
1004 1553 1062 1591 esse
1074 1540 1137 1591 uidit
1150 1555 1157 1589 ε
1178 1561 1189 1584 ι
1203 1540 1235 1591 de
1247 1540 1325 1590 multu
1336 1544 1362 1589 et

297 1634 467 1690 sacramento,
480 1641 525 1690 pru
536 1630 632 1679 mulloe.

330 1716 436 1779 XXXVi,
456 1716 467 1777 5
486 1716 526 1766 61.
549 1717 657 1767 seclusit
675 1718 789 1768 Halmius
809 1719 900 1781 lenum,
921 1725 979 1781 uest
997 1731 1053 1769 voc.
1072 1731 1177 1768 summu.
1198 1746 1229 1754 -
1247 1718 1360 1782 Legem:

300 1825 312 1847 ι
325 1805 393 1868 quud
406 1806 536 1855 decemvir
546 1806 602 1856 siue
615 1807 794 1869 provocatione
807 1814 878 1858 esset
892 1828 902 1851 ι
914 1823 921 1868 ;
934 1807 1007 1858 facile
1019 1808 1087 1857 euim
1099 1807 1199 1870 siguum
1216 1819 1291 1870 supra
1303 1821 1321 1856 u
1336 1807 1361 1855 iu
1424 1845 1426 1849 Α

298 1893 395 1943 (tudinis
406 1894 515 1943 lectione
528 1895 672 1953 decemuiro,
687 1896 824 1958 permutari
838 1897 918 1959 potuit
931 1909 987 1945 eum
1001 1903 1095 1959 pruneto
1107 1896 1210 1946 delendi
1218 1896 1300 1959 signu.

330 1982 446 2041 xxxvii,
460 1984 522 2045 §un
541 1984 644 2048 tegam,
658 1993 685 2034 ut
699 1985 754 2048 tte
767 2001 773 2033 ι
787 2006 800 2030 «
813 1986 924 2035 eternus
935 1967 1123 2050 conatuum»,
1145 1998 1191 2035 seu
1203 2000 1261 2036 cum
1273 1986 1362 2036 coerce

301 2072 415 2121 «civitas
432 2072 562 2135 aequabilis
576 2092 599 2122 n.
611 2075 666 2136 —5
684 2075 723 2125 63.
744 2075 835 2126 ileritu
854 2075 941 2139 qulbus
961 2076 1087 2125 Zachariae
1106 2076 1243 2126 delendum
1264 2084 1361 2139 censet,

301 2170 358 2227 post
370 2162 465 2210 etune.
1411 2141 1415 2148 “

332 2249 383 2311 XL,
397 2250 459 2311 567.
477 2250 593 2301 Omittam
609 2265 663 2302 voc.
678 2252 792 2312 bellunm,
807 2261 864 2316 post
876 2254 1068 2317 reuil,qu0niam
1082 2254 1175 2318 legitur
1193 2267 1252 2305 mox
1271 2252 1361 2315 feram.

743 2456 926 2465 ———-.-—-

667 2715 784 2783 Ltssttu
808 2714 992 2784 TERTIUS.

740 2931 925 2941 ——n

335 3135 376 3196 iti,
389 3134 401 3197 5
412 3134 436 3185 6.
454 3135 507 3185 los.
520 3133 583 3184 vict.
597 3133 709 3183 Clericus
722 3133 793 3183 malit
804 3132 890 3197 legere
903 3134 1026 3193 oriuntur,
1040 3148 1086 3197 pro
1098 3136 1230 3193 ornentur,
1243 3134 1311 3197 quud
1324 3134 1364 3184 le-

302 3223 372 3287 gitur
383 3224 410 3272 in
421 3223 478 3273 cod.
491 3229 518 3273 et
529 3223 596 3286 apud
608 3222 700 3272 Maium
712 3222 876 3286 reliquosque
889 3222 1011 3274 editores.

336 3312 376 3374 iX‚
389 3312 401 3374 5
414 3313 451 3361 15.
470 3311 514 3361 Vix
528 3313 619 3361 abesse
632 3317 726 3374 potest,
740 3319 767 3360 ut
779 3311 878 3361 monuit
890 3311 968 3370 idem,
981 3324 1028 3361 vox
1048 3310 1147 3369 bellum,
1167 3317 1225 3374 post
1243 3311 1363 3375 enullavit.

304 3428 334 3437 -
348 3401 409 3462 516.
421 3400 516 3464 Opinor
526 3401 663 3465 legendum
676 3413 733 3452 esse
747 3414 754 3449 ε
768 3421 780 3445 α
794 3400 864 3464 quod
879 3413 956 3464 quum
973 3399 1087 3463 lecimus,
1106 3413 1152 3464 pro
1168 3399 1288 3463 suciamus
1296 3420 1305 3459 ;
1323 3401 1364 3451 bie

263 3486 265 3489 ⁴
303 3491 371 3542 euim
383 3492 415 3543 de
428 3504 455 3541 re
467 3492 560 3555 agitur,
572 3505 623 3543 nun
635 3492 667 3542 de
679 3498 775 3542 mente.

335 3580 386 3641 XV,
399 3582 411 3643 5
423 3580 463 3630 bt.
480 3581 600 3644 Suspicor
612 3580 717 3631 verbum
729 3581 860 3644 imperare,
874 3587 958 3631 ortum
974 3594 1032 3632 esse
1048 3596 1080 3631 cx
1100 3594 1155 3631 voc.
1175 3581 1277 3645 imperio
1296 3580 1363 3644 quud

304 3678 435 3721 enarrator
446 3670 548 3734 quidam
559 3668 610 3731 adj.
623 3669 704 3719 alieno
716 3668 875 3731 adiunxerat.
888 3671 970 3721 Verba
983 3689 996 3716 a
1005 3684 1080 3735 quam
1089 3669 1223 3733 plurimis·
1238 3669 1365 3732 pertinent

303 3759 335 3808 ati
348 3773 405 3810 voc.
416 3760 587 3825 uoluptatibus.
601 3759 653 3809 lus.
667 3757 733 3809 Vict.
744 3758 858 3809 Clericus
869 3760 1012 3822 suspicatur
1024 3759 1158 3823 legendum
1178 3770 1236 3807 esse
1253 3757 1363 3820 irnperio,

306 3862 351 3910 pru
362 3850 495 3914 imperare.

336 3939 421 3999 XXXl‚
434 3940 496 4001 5l3.
513 3939 660 4003 legendum
671 3949 729 3987 esse
740 3949 855 3987 censeo:
877 3955 887 3979 ι
901 3936 1013 3987 sociatus
1025 3943 1106 3987 coetus
1120 3956 1142 3999 ι,
1164 3948 1211 3999 pru
1232 3934 1365 3985 :societas

304 4035 386 4078 eoetus
396 4047 418 4075 n.
430 4026 502 4086 conl,
514 4027 530 4076 i.
539 4027 580 4089 Vl,
592 4040 615 4078 c.
624 4026 689 4088 xitt,
702 4026 714 4088 5
726 4025 757 4074 13
768 4031 922 4088 «coetusque
934 4024 1064 4075 bominum
1071 4024 1127 4075 iure
1134 4024 1223 4075 sociati
1233 4043 1254 4073 ι.
1264 4027 1366 4089 Augus-

307 4118 377 4168 tinus
388 4118 421 4169 de
433 4117 505 4167 (livit.
518 4117 571 4178 elei,
584 4116 648 4179 XlX,
660 4115 689 4165 tt
705 4136 715 4159 «
731 4114 852 4179 Populum
865 4115 929 4164 enlm
940 4127 998 4165 esse
1009 4108 1218 4177 definiuilcoetum
1226 4113 1364 4164 multitudi-

306 4210 356 4271 nis,
369 4207 433 4258 iuris
444 4219 571 4258 consensu
583 4213 609 4257 et
620 4206 736 4257 utilitatis
748 4203 925 4256 communione
937 4205 1060 4255 sociatum
1074 4223 1097 4254 n.
1199 4233 1201 4238 -

338 4296 433 4356 XXXV,
446 4296 458 4359 5
469 4297 509 4346 li.
525 4294 593 4345 Vidit
604 4294 744 4359 Madvigius
755 4295 891 4359 legendum
904 4306 962 4344 esse
976 4309 983 4341 :
997 4291 1072 4344 «lure
1084 4292 1133 4343 iam
1146 4304 1196 4342 uon
1209 4298 1269 4354 tum,
1282 4297 1331 4341 ete,
1342 4308 1365 4352 n,

306 4401 352 4452 pro
364 4386 475 4437 lectione
486 4386 545 4436 cod.
557 4384 699 4448 lurtnnnon,
714 4383 874 4444 teste-blai03
887 4382 963 4446 furta,
979 4389 1044 4433 teste
1057 4382 1094 4432 Du
1106 4381 1179 4432 Rieu.
