3325 5159
551 590 723 649 llnmursns
734 601 875 649 sononuu
890 591 923 663 V,
940 592 1133 664 urium-89.
1335 591 1369 650 57

297 730 390 795 θὶς-ν,
408 729 449 781 85.
468 728 496 780 Si
512 736 629 781 serretur
645 731 695 781 hoc
706 729 831 791 incisum,
850 730 919 794 quod
938 730 1000 779 mibi
1019 742 1034 781 e
1053 729 1169 793 margine
1184 729 1210 779 in
1228 730 1370 781 orationem

297 819 404 869 linxisse
422 818 533 877 videtur,
556 819 703 882 ponendum
720 826 760 869 est
776 826 835 884 post
853 817 950 869 verba:
974 818 1104 882 «proclivi
1116 818 1197 869 currit
1208 818 1291 869 oratio
1304 838 1326 868 ι.
1341 842 1370 854 -

300 909 424 973 iungam,
436 915 541 959 auclore
555 908 673 971 Brenno,
687 907 765 959 rerba
786 925 798 952 ι
811 909 894 959 audeo
905 907 993 958 dicere
1008 927 1018 949 »
1038 907 1070 957 iis
1081 920 1138 971 qnae
1149 907 1220 970 prius
1232 907 1369 971 leguntur:

301 1020 313 1043 ι
327 1000 435 1051 honesta
443 999 536 1062 oratio,
548 998 688 1057 Socratica,
702 996 814 1048 Platonis
824 998 901 1048 etiam
916 1017 926 1038 ι
941 997 1007 1059 ;sed
1016 997 1130 1047 omittam
1141 997 1233 1060 iuquit,
1245 996 1304 1060 quia
1317 996 1370 1045 haec

298 1088 326 1137 in
338 1100 384 1140 ore
394 1095 455 1138 sunt
465 1087 551 1147 Tullii,
563 1094 590 1138 et
601 1099 694 1151 sequar
705 1086 810 1138 codices
821 1086 865 1151 qui
876 1086 972 1137 babent
981 1089 1078 1150 polest:
1090 1093 1116 1136 at
1127 1086 1210 1149 legam
1222 1084 1370 1146 retexuerit,

299 1178 361 1243 quia
372 1178 479 1229 uerbum
491 1183 627 1241 utrumque
639 1177 778 1241 respondet
789 1176 922 1226 membro:
941 1175 1029 1240 «cupit
1041 1175 1109 1226 euim
1121 1175 1208 1225 dicere
1219 1173 1281 1224 nihil
1295 1186 1371 1235 posse

299 1268 333 1318 ad
344 1269 445 1319 beatam
457 1266 535 1317 vitam
546 1263 641 1318 deesse
649 1266 760 1330 sapienti
773 1286 783 1309 ι
798 1282 805 1328 ;
818 1266 894 1317 aliter
906 1266 974 1316 enim
988 1267 1122 1329 penderet.
1135 1293 1166 1302 -
1178 1264 1274 1328 Opinoi·
1285 1264 1372 1327 legen-

301 1357 380 1407 dnm:
402 1356 540 1420 «Quippe,
560 1354 673 1420 inquiet,
697 1368 756 1406 cum
772 1356 824 1404 iam
842 1356 975 1405 docuerim
993 1356 1088 1419 gradus
1103 1355 1179 1404 islam
1191 1366 1245 1404 rem
1263 1365 1314 1402 non
1327 1352 1371 1402 ba-

301 1444 365 1496 bere
378 1464 405 1507 »,
419 1444 521 1496 omissis
531 1444 564 1494 iis
575 1456 632 1508 quae
642 1450 785 1506 sequuntur
797 1459 804 1493 :
817 1462 830 1489 ι
839 1456 915 1507 qnam
924 1445 1043 1495 virtutem
1055 1445 1081 1493 in
1093 1456 1142 1507 qua
1153 1444 1188 1493 sit
1199 1443 1282 1505 ipsum
1294 1443 1370 1492 etiam

301 1534 407 1585 beatum
420 1553 442 1583 ι.
461 1533 569 1585 (lodices
585 1534 681 1584 habent
700 1538 752 1584 tum
770 1546 816 1597 pro
835 1535 902 1594 inm,
922 1535 990 1584 unde
1009 1541 1092 1585 ortum
1109 1540 1150 1583 est
1166 1533 1370 1596 supplementum

300 1624 369 1687 quod
381 1624 481 1682 omitto,
493 1636 556 1674 saue
567 1636 754 1686 supervacuum
763 1624 803 1676 rel
816 1624 902 1687 potius
912 1624 1037 1687 ineptum.
1050 1622 1192 1687 Madvigius
1204 1622 1265 1673 velit
1276 1621 1372 1672 addere

300 1712 383 1776 meria
392 1719 453 1763 ante
465 1712 554 1763 hebere
564 1714 598 1764 ob
610 1727 695 1778 quam,
709 1714 828 1777 neglecto
840 1717 901 1764 tum.
918 1740 941 1751 -
963 1714 1027 1775 tas.
1044 1712 1142 1777 Siquid
1155 1712 1224 1763 inter
1234 1711 1371 1761 iocrcrlihile

300 1808 329 1851 et
340 1800 630 1865 hcebadmrtmadditnq
643 1803 728 1852 malim
740 1802 829 1867 legere
842 1802 899 1867 quic
911 1816 968 1852 cum
981 1802 1057 1853 codd.
1135 1845 1137 1849 ,

332 1888 425 1949 xxix,
442 1889 506 1952 pst.
529 1888 601 1952 Apud
614 1902 705 1941 omnes
716 1890 820 1941 codices
831 1890 945 1955 legitur:
968 1912 978 1934 «
991 1890 1086 1940 'lecum
1098 1890 1179 1952 enim,
1198 1896 1226 1940 ut
1237 1890 1273 1940 ait
1283 1890 1371 1939 Theo-

301 1977 430 2040 phrastus,
443 1978 670 2029 mihiiuslitueuda
682 1979 763 2029 oratio
771 1987 811 2030 est
821 1999 831 2021 ι
843 1994 850 2039 ;
863 1979 1001 2029 Lambinus
1011 1978 1063 2040 jam
1075 1978 1175 2029 viderat
1187 1978 1235 2028 hoc
1247 1978 1371 2028 incisum:

301 2083 314 2110 ι
326 2072 357 2116 nt
371 2066 408 2116 ait
420 2065 612 2130 Theophrastus
625 2087 654 2127 »‚
673 2068 879 2118 transferendum
895 2079 953 2119 esse
971 2074 1028 2130 post
1041 2067 1135 2117 verbaa
1155 2066 1264 2117 «omnis
1283 2073 1373 2117 aucto·
1450 2066 1451 2069 ’

301 2155 365 2205 ritas
376 2154 543 2218 philosophie
556 2174 585 2218 ι,
598 2156 641 2205 cui
651 2156 789 2220 obsequuti
801 2162 861 2206 sunl
872 2157 1011 2213 Gruterus,
1027 2155 1215 2213 buiamundus,
1228 2154 1372 2215 Ernestins,

301 2243 513 2294 contradixerunt
529 2256 591 2295 vero
603 2245 729 2295 Goerenz.
742 2252 769 2295 et
780 2244 876 2304 Orelli;
895 2251 922 2293 nt
933 2244 1057 2307 Madvig„
1071 2244 1167 2304 Klotz„
1181 2242 1273 2292 Baiter.
1287 2242 1372 2292 denuo

299 2332 328 2382 in
339 2343 429 2383 verum
440 2333 525 2383 locum
541 2332 568 2383 id
579 2334 757 2383 restituerunt.
778 2333 839 2383 llibi
855 2332 958 2396 quidem
974 2332 1076 2384 occasio
1094 2338 1151 2394 apta
1165 2331 1267 2382 ridetur
1282 2331 1373 2381 admo-

302 2420 383 2472 uendi
401 2421 493 2473 horum
512 2422 635 2472 librorum
654 2422 787 2472 codicibus
803 2421 881 2472 iidem
898 2422 1022 2471 minorem
1040 2420 1184 2471 habendam
1195 2430 1273 2480 esse,
1297 2432 1372 2483 quam

302 2511 429 2562 hactenus
439 2512 554 2563 editores
564 2512 735 2562 recentissimi
746 2512 876 2575 iidemque
890 2510 1032 2562 doctissimi
1045 2511 1076 2560 iis
1088 2509 1270 2573 prestiterunt.
1289 2508 1373 2557 ilani-

303 2600 386 2652 iestus
396 2613 469 2652 error
480 2600 579 2650 librarii
590 2600 632 2651 bio
645 2600 771 2664 proditur,
796 2600 840 2663 qui
856 2599 940 2650 locum
960 2612 1011 2650 non
1029 2598 1092 2649 uidit
1107 2598 1133 2647 in
1150 2605 1226 2662 quem
1245 2609 1290 2647 seu
1311 2610 1373 2646 cor-

302 2690 385 2741 rectio
395 2690 552 2753 marginalis,
564 2702 611 2741 sen
622 2689 745 2741 omissum
757 2688 861 2740 levitate
872 2690 1004 2753 cujusdam
1015 2688 1152 2739 anterioris
1163 2687 1254 2738 scribae
1265 2686 1372 2736 incisum

301 2778 384 2829 inseri
398 2778 497 2829 debuit.
521 2779 587 2839 Quot
605 2792 707 2830 errores
725 2779 810 2829 miuus
821 2778 956 2829 evidentes
968 2777 1109 2841 excogitari
1126 2783 1246 2839 possunt,
1264 2788 1372 2839 quonum

299 2880 379 2919 causa
386 2868 505 2931 scriptori
513 2869 561 2931 ipsi
569 2868 732 2933 negligentiae
740 2868 838 2919 crimen
847 2867 935 2918 inferri
944 2867 1079 2931 poluit!—·
1091 2868 1103 2929 ξ
1116 2868 1156 2916 87.
1169 2866 1221 2916 Nee
1228 2864 1316 2915 sensui
1325 2877 1373 2914 nec
1418 2918 1425 2928 ἱ

300 2956 358 3006 anri
368 2956 493 3007 satisfacit
505 2957 557 3015 boc,
572 2957 640 3007 inter
651 2970 728 3021 quare
739 2963 766 3007 el
777 2956 909 3007 uidendum
919 2956 1118 3006 eet—Verbum
1130 2968 1269 3019 pateremus
1282 2952 1373 3016 dequo

304 3045 453 3109 ambigitur,
466 3045 540 3098 iacile
551 3046 644 3097 abesse
658 3051 743 3109 polest
754 3053 813 3108 post
826 3065 837 3090 ι
852 3058 912 3096 vere
924 3045 1022 3095 ialsone
1037 3065 1058 3093 ι.
1072 3043 1175 3094 Addidit
1185 3056 1235 3092 nou
1247 3042 1375 3098 Baitcrus,

302 3141 408 3185 aumore
417 3135 528 3188 harisio.
540 3163 571 3173 -
583 3135 598 3200 5
608 3137 648 3187 88.
662 3134 738 3186 idaim
749 3133 811 3184 mihi
824 3134 925 3185 ridetur
937 3134 1068 3184 abundare
1087 3132 1153 3182 inter
1163 3135 1218 3196 poet
1230 3138 1256 3181 et
1269 3131 1329 3179 boee.
1342 3156 1372 3165 -

302 3252 335 3262 -
348 3224 456 3276 Codices
467 3225 563 3275 babent
573 3224 631 3286 fecit
641 3232 701 3275 aute
715 3224 792 3275 verba
805 3223 946 3282 ullomodo,
963 3222 1046 3287 quod,
1060 3227 1165 3271 auctore
1178 3218 1301 3275 birontio,
1315 3217 1374 3266 ilai-

303 3320 376 3363 terns
393 3312 488 3364 omisit.
501 3341 532 3350 -
548 3314 633 3364 codex
650 3314 668 3362 il
686 3314 730 3364 dat
746 3314 848 3364 omniuo
868 3326 914 3376 pro
930 3312 1051 3371 minirum·
1069 3310 1185 3373 suspicor
1199 3322 1255 3360 voc.
1272 3307 1373 3357 omniuo

302 3401 431 3465 glossema
443 3415 501 3453 esse
513 3402 628 3453 iormnlae
639 3403 691 3453 ullo
703 3407 839 3465 momento,
860 3409 885 3453 el
897 3408 1023 3452 mutatum
1034 3400 1115 3451 fuisse
1126 3399 1152 3449 in
1168 3399 1286 3456 minimo,
1305 3396 1373 3460 quod

303 3504 490 3555 supervacuum
502 3499 551 3543 est.
564 3519 595 3528 -
607 3492 622 3557 §
632 3491 673 3542 89,
692 3491 787 3555 Optimi
801 3492 906 3543 codices
925 3492 981 3541 Bel
992 3490 1011 3540 C
1022 3490 1118 3540 babent
1138 3510 1148 3532 ι
1162 3488 1256 3552 quibus
1272 3486 1313 3536 illa
1326 3501 1374 3550 up-

300 3581 409 3645 pelinut,
426 3593 473 3632 seu
485 3580 608 3645 appellent
621 3594 648 3641 »3
661 3580 742 3630 ceteri
756 3602 766 3623 ι
780 3580 874 3644 quibus
885 3579 953 3629 idem
966 3579 1052 3629 dicant
1065 3597 1076 3621 ι
1088 3618 1094 3640 ,
1106 3577 1174 3640 quod
1185 3576 1218 3625 ab
1231 3575 1375 3626 editoribus

303 3669 443 3721 admissum
461 3668 518 3720 luit.
535 3669 642 3720 hliratur
653 3668 795 3732 Madvigius
814 3667 908 3718 «unde
919 3667 946 3717 in
958 3666 1065 3717 meliore
1077 3665 1171 3715 familia
1186 3664 1323 3715 substituta
1340 3662 1375 3711 sit

304 3758 359 3809 baec
370 3758 457 3822 putida
474 3765 501 3809 et
519 3758 603 3808 inanis
620 3756 825 3820 appendicula».
849 3756 976 3820 Equidem
991 3755 1032 3805 hic
1044 3767 1138 3806 uorum
1151 3753 1287 3816 uestigium
1300 3750 1374 3800 video

303 3848 472 3900 correctionis
483 3848 578 3912 abipso
586 3847 712 3910 scriptore
721 3858 787 3909 opus
796 3845 942 3895 recensenti
955 3844 1042 3905 iactae3
1058 3843 1128 3907 prins
1140 3839 1295 3904 scripserat:⁸
1307 3857 1320 3883 ι
1333 3838 1374 3887 illa

304 3936 433 4000 appellent
447 3958 472 3996 ι,
484 3938 553 4000 quod
565 3936 592 3987 in
604 3936 694 4000 primis
705 3933 895 3998 exemplaribus
908 3932 1044 3996 repetitum
1055 3930 1118 3992 iuit;
1134 3930 1258 3991 deinceps
1270 3926 1373 3977 maluit:

307 4045 318 4068 ι
331 4025 402 4076 idem
410 4024 497 4075 dicant
509 4045 531 4087 »,
540 4037 586 4074 seu
599 4024 655 4074 vice
667 4036 750 4074 versa.
759 4022 907 4072 -incisnm
925 4043 935 4065 ι
949 4020 1036 4085 quanti
1052 4032 1094 4070 res
1105 4002 1212 4083 quaeque
1223 4016 1278 4067 sit»
1296 4015 1375 4065 abun-

303 4113 367 4164 dare
378 4114 441 4163 mihi
454 4114 555 4164 ridetur
566 4120 593 4164 et
604 4114 695 4164 deberi
706 4112 850 4164 scholiastae
862 4111 964 4162 cuidam
975 4123 1051 4173 quem
1068 4108 1183 4173 fugiebat
1198 4106 1304 4156 verbnm
1317 4119 1376 4154 con-

304 4203 392 4253 stiterit
408 4204 565 4266 respondere
576 4202 609 4254 iis
624 4215 680 4267 quae
699 4203 826 4266 posterius
838 4202 978 4265 leguntur:
1000 4219 1010 4242 «
1024 4199 1085 4249 dum
1102 4209 1145 4247 res
1157 4201 1284 4251 maneant,
1297 4194 1376 4243 verba

305 4291 403 4357 lingant
412 4291 538 4343 arbitratu
549 4304 596 4343 suo
611 4312 633 4343 ·.
646 4319 677 4330 -
688 4292 820 4343 Sententia
834 4307 841 4339 ι
863 4312 873 4334 ι
887 4290 913 4340 Si
925 4287 1043 4339 homiues
1055 4294 1153 4350 essent,
1174 4286 1267 4336 usitate
1283 4284 1377 4347 loque-
