3325 5159
365 667 416 725 ¹38
681 668 1108 743 bnorrrcusll‚x·xr,32·39.

362 804 547 856 loco-benefica
560 805 688 856 voluntate
701 814 827 868 movetur,
847 807 947 858 etiamsi
966 820 1007 858 res
1025 806 1092 858 forte
1111 820 1162 859 non
1181 808 1302 871 suppetit.
1322 807 1374 857 Sed
1391 817 1431 859 est

360 894 425 945 alins
436 908 537 959 qnoque
548 894 650 959 quidam
662 894 747 946 aditus
759 897 791 946 ad
799 896 997 956 multitudinem,
1008 903 1036 946 ut
1043 896 1067 946 in
1075 896 1252 948 universorum
1259 896 1359 946 animos
1366 903 1429 947 tam-

361 995 436 1047 quam
446 982 552 1033 iuduere
565 983 701 1046 possimus.
716 985 751 1034 Ao
765 984 874 1047 primum
884 984 975 1035 deillis
983 985 1074 1045 tribus,
1084 992 1204 1048 quaeante
1213 984 1275 1045 dixi,
1284 984 1430 1034 videamus:

362 1073 528 1123 vehementer
539 1086 610 1122 amor
622 1073 792 1123 multitudinis
804 1083 981 1125 commovetur
993 1074 1047 1136 ipsa
1059 1073 1123 1123 lama
1137 1081 1163 1124 et
1179 1073 1298 1138 opinione
1315 1073 1431 1124 liberali-

362 1162 429 1223 tatis,
442 1169 492 1211 etc.
503 1180 525 1209 ».
539 1162 607 1211 Vidit
618 1162 642 1211 l.
655 1162 678 1211 l.
692 1162 859 1225 Hottingerus
871 1176 922 1213 uon
935 1163 1170 1227 disiungendaesse
1179 1163 1255 1214 rerba
1264 1179 1274 1233 ².
1284 1181 1297 1208 u
1306 1163 1429 1227 quiequi-

359 1253 418 1303 dem
429 1253 528 1316 capitur
539 1251 672 1302 beueli'ciis
683 1252 792 1303 maxime
802 1272 825 1312 a,
838 1266 851 1302 a
865 1267 927 1304 voce
940 1252 1115 1311 mullitudine,·
1128 1254 1206 1304 verba
1221 1253 1428 1304 ubeuevolentiae

362 1348 486 1404 praecepta
500 1359 512 1386 n
524 1353 575 1390 uon
587 1341 664 1391 modo
675 1353 841 1403 supervacua,
855 1342 901 1392 sed
915 1354 1020 1407 prorsus
1032 1342 1113 1392 aliena
1123 1354 1180 1393 esse
1191 1357 1197 1404 ;
1217 1355 1306 1393 vocem
1324 1342 1430 1392 beneco-

360 1430 433 1479 lentla
444 1437 504 1480 ante
517 1434 628 1480 movetur
643 1430 805 1493 glossematis
825 1443 901 1481 eausa
920 1430 1031 1481 additam
1049 1443 1123 1490 esse;
1142 1431 1252 1499 denique
1268 1430 1428 1495 iungendum

358 1532 416 1570 esse
429 1519 535 1569 verbnm
546 1520 672 1568 curamur
685 1532 742 1569 curn
756 1520 853 1583 reliqna
867 1519 974 1582 periodo
988 1536 995 1568 ε
1009 1538 1021 1564 u
1037 1519 1202 1571 vehementer
1220 1532 1291 1570 amor
1309 1518 1427 1569 multitu-

359 1608 435 1669 dinis,
456 1616 507 1658 etc.
522 1628 542 1655 ».
564 1608 666 1659 Etenim
687 1615 804 1659 recenset
822 1609 920 1659 Tullius
939 1609 1028 1660 ordine
1047 1610 1126 1660 dato:
1148 1610 1172 1658 1ο
1184 1622 1307 1671 amorem,
1323 1608 1350 1658 2⁰
1363 1608 1375 1670 ξ
1386 1607 1426 1668 33,

359 1698 444 1759 fldem,
457 1698 484 1747 3ο
496 1699 508 1760 §
519 1698 559 1757 36,
572 1698 764 1749 admirationem
777 1713 835 1749 cum
848 1700 958 1759 honore;
972 1706 1111 1762 postremo,
1125 1699 1138 1764 ἓ
1149 1700 1190 1759 39,
1199 1699 1311 1763 dicitqui
1319 1699 1353 1748 sit
1362 1698 1428 1749 alins

357 1786 399 1836 ille
411 1786 495 1836 aditus
506 1786 537 1837 ad
550 1787 749 1838 multitudinem.
762 1788 878 1838 Breviter
892 1787 961 1849 prins
974 1787 1093 1838 indicarit
1106 1788 1199 1850 quibus
1210 1788 1293 1838 modis
1304 1800 1361 1851 quae
1381 1800 1428 1850 pa-

358 1874 457 1924 riuntur
468 1887 482 1924 a
494 1875 612 1938 singulis,
625 1876 757 1939 pariuntur
769 1876 846 1925 etiam
858 1888 872 1925 a
885 1876 1048 1926 multitudine
1062 1891 1068 1923 ι
1082 1877 1108 1924 l⁰
1120 1875 1262 1937 beneficiis,
1276 1875 1303 1925 ΞΟ
1312 1874 1427 1925 benefica

359 1964 497 2023 voluntate,
509 1966 609 2015 etiamsi
627 1979 668 2016 res
684 1980 734 2017 non
753 1967 877 2029 suppetit.
890 1993 921 2002 -
934 1967 1058 2023 balterus,
1077 1972 1181 2016 auctore
1201 1967 1286 2017 Herm.
1306 1965 1426 2027 Sauppio,
1484 1970 1489 1978 '

357 2055 463 2105 seclusit
476 2055 552 2104 rerba
565 2070 572 2103 r
588 2077 597 2098 «
610 2055 739 2105 voluntate
751 2056 865 2106 benefica
878 2056 1056 2106 benevolentia
1069 2063 1186 2107 moretur
1195 2078 1216 2103 ι.
1225 2081 1255 2091 -
1268 2054 1331 2117 ξΒΞ.
1344 2054 1428 2105 Omit-

359 2151 408 2193 tam
421 2144 487 2208 pulo,
501 2151 559 2194 ante
573 2163 585 2189 u
597 2157 642 2205 per
653 2156 681 2193 se
690 2144 764 2195 nobis
773 2144 856 2207 placet
866 2164 887 2203 υ,
900 2146 1109 2208 qrraecoujnuctio
1118 2151 1171 2195 tum
1180 2142 1362 2207 perspicuitati,
1373 2150 1426 2192 tum

354 2234 488 2283 seutentiae
498 2233 575 2283 seriei
587 2233 669 2283 obest.
678 2260 709 2269 -
722 2234 733 2296 i
745 2232 784 2284 33.
799 2234 955 2285 Facciolatus
967 2241 994 2284 et
1005 2235 1123 2285 Pearcius
1135 2234 1243 2285 delenda
1252 2246 1310 2283 esse
1318 2241 1427 2283 censent

358 2321 434 2373 verba
449 2344 460 2366 ι
473 2329 500 2371 et
513 2321 570 2371 fidis
584 2336 654 2380 »;ea
668 2324 782 2375 Baiterus
793 2322 908 2374 seclusit.
922 2351 952 2360 -
964 2324 977 2386 ξ
988 2324 1027 2374 at.
1047 2324 1113 2374 Satis
1130 2322 1301 2384 manifestum,
1321 2322 1423 2386 opinor,

357 2412 398 2461 iric
410 2412 534 2462 habemus
545 2414 653 2476 geminae
664 2413 852 2464 enunciatiouis
864 2414 999 2477 vestigium
1010 2428 1017 2473 ;
1030 2412 1125 2463 etenim
1138 2426 1208 2464 mera
1227 2412 1366 2476 tautologia
1383 2412 1426 2462 bic

356 2501 488 2566 §laborat
501 2503 569 2566 quod
582 2487 669 2553 contr'a
688 2501 823 2565 scriptoris
844 2509 954 2553 mentem
974 2503 1030 2552 siue
1049 2502 1127 2552 dubio
1147 2502 1241 2553 evenit.
1263 2501 1337 2551 Prius
1355 2500 1424 2551 scri-

356 2598 442 2653 pserat
455 2607 462 2639 τ
475 2610 488 2636 u
502 2591 671 2652 Quamobrem
683 2591 860 2655 intelligentie
862 2627 941 2641 ........
957 2592 1017 2641 nibil
1032 2591 1126 2641 valebit
1138 2591 1272 2655 prudentia
1287 2605 1315 2651 ις
1336 2597 1425 2653 postea

355 2688 440 2729 autem
452 2680 517 2730 banc
528 2681 681 2731 seutentiam
692 2680 841 2744 ampliorem
850 2681 1040 2744 planioremque
1048 2679 1291 2731 effecitscribeudo:
1308 2700 1318 2722 «
1329 2680 1424 2730 Hartrm

356 2767 434 2831 igitur
446 2768 552 2818 duarum
555 2804 635 2817 ........
649 2769 768 2832 opinione
781 2768 915 2832 probitatis
929 2786 951 2829 u,
965 2768 1052 2832 inqua
1065 2768 1156 2831 prioris
1168 2766 1354 2818 enunciatiouis
1367 2766 1425 2818 ele-

356 2866 440 2908 menta
452 2858 535 2908 omnia
548 2858 670 2921 reperias,
683 2871 739 2921 qnae
750 2858 887 2908 admodum
900 2856 978 2921 friget
988 2857 1010 2906 si
1022 2871 1079 2907 curu
1092 2858 1224 2920 superiore
1240 2864 1405 2920 componatur
1416 2871 1424 2915 3

355 2948 423 3012 quod
435 2961 486 2999 uon
498 2955 634 2998 senserunt
646 2947 743 2997 librarii
755 2947 799 3010 qui
811 2954 942 3011 utramque
955 2946 1077 3009 religiose
1090 2946 1329 3011 transscripserunt.

386 3037 418 3096 X,
431 3036 445 3102 ᾖ
458 3038 498 3088 36.
513 3037 607 3101 begam
621 3053 628 3085 ε
644 3059 654 3081 ι
669 3050 719 3088 non
730 3051 787 3087 aero
804 3049 895 3088 omnes
912 3049 957 3086 eos
976 3043 1152 3097 contemnunt,
1172 3043 1222 3086 etc.
1239 3056 1260 3097 »,
1281 3048 1326 3098 pro
1347 3048 1423 3085 «uon

355 3127 430 3185 enim,
443 3134 494 3177 etc.
508 3148 532 3174 ι.
543 3154 574 3164 -
586 3126 670 3176 bialim
682 3140 740 3177 cum
753 3126 950 3190 wyttenbachio
961 3133 988 3176 et
1007 3126 1097 3177 licinio
1116 3125 1203 3188 legere
1222 3125 1354 3187 maleficos,
1375 3137 1423 3186 pro

354 3215 491 3275 maledicor,
505 3216 573 3280 quod
585 3216 647 3266 daut
658 3216 731 3265 codd.
743 3243 772 3251 -
784 3214 798 3279 §
809 3215 850 3265 37.
864 3215 954 3265 Merito
965 3221 1089 3279 sequutus
1100 3220 1140 3264 est
1146 3212 1296 3263 ltambiuum
1306 3212 1422 3262 Baiterns

353 3306 501 3369 legentem:
521 3304 711 3355 «admiratione
728 3305 843 3367 adficiunt
857 3325 879 3366 ι,
899 3317 945 3367 pro
963 3303 1029 3367 vulg.
1051 3303 1210 3364 adficiuntur.
1225 3330 1252 3337 -
1268 3302 1374 3365 Legum,
1393 3308 1422 3351 ut

354 3394 413 3445 velit
424 3394 553 3444 duellius:
568 3413 579 3438 ι
594 3394 716 3445 maiorem
733 3402 831 3457 partem
850 3394 950 3443 animos
963 3407 993 3453 »3
1014 3392 1109 3443 etenim
1131 3405 1178 3442 uec
1199 3391 1326 3442 «maioris
1344 3391 1423 3453 partis

351 3483 449 3533 animos
463 3504 485 3541 ι,
497 3490 526 3532 ιιι
537 3483 618 3533 edidit
632 3483 753 3541 balterus,
768 3496 815 3532 nec
829 3504 840 3526 ι
855 3482 965 3532 maiores
978 3488 1062 3544 partes
1073 3481 1151 3530 animi
1165 3501 1186 3539 ι,
1199 3492 1302 3531 sensum
1316 3480 1419 3543 perspi-

352 3586 426 3623 cnum
439 3580 577 3635 praestant3
591 3572 778 3623 rerbaautem:
793 3571 937 3623 «maiorem
947 3578 1063 3634 partem·
1077 3570 1192 3621 adverbii
1199 3582 1271 3621 more
1279 3570 1359 3633 posita
1369 3583 1420 3621 uon

352 3673 410 3711 raro
421 3661 487 3724 apud
500 3668 615 3711 nostrum
628 3661 757 3724 leguntur.
769 3689 800 3696 -
812 3661 873 3710 Loci
885 3660 1027 3710 communis
1038 3660 1064 3709 iu
1076 3660 1190 3723 margine
1202 3659 1290 3747 scripti
1304 3658 1419 3722 speeiem

353 3748 466 3800 referunt
477 3748 554 3799 rerba
568 3765 575 3798 z
590 3771 600 3793 ι
615 3749 675 3804 rita.
688 3762 767 3808 mors,
786 3749 889 3806 divitiae,
903 3757 1039 3813 paupertas
1051 3761 1139 3799 omues
1152 3748 1267 3799 homiues
1279 3749 1419 3799 vehemen-

353 3838 450 3889 tissime
462 3845 612 3901 permovent
620 3858 642 3900 ι,
655 3851 702 3888 nec
714 3852 772 3888 cum
784 3838 919 3903 scriptoris
929 3846 1015 3890 mente
1028 3839 1054 3889 h.
1068 3840 1084 3887 l.
1093 3837 1260 3899 conveniunt;
1272 3838 1341 3902 quod
1350 3844 1419 3901 patet

352 3940 385 3978 ex
397 3927 502 3980 formula
517 3949 527 3971 ι
541 3928 568 3977 in
581 3934 823 3991 utramquepartem
837 3947 859 3990 ι,
873 3940 930 3992 qnae
947 3928 978 3979 ad
997 3928 1108 3992 priorem
1126 3927 1278 3978 sententiam
1296 3928 1417 3991 pertinet,

351 4018 395 4068 nbi
406 4019 439 4069 de
452 4018 622 4081 voluptatibus
634 4025 661 4069 et
671 4018 803 4069 doloribus
815 4019 908 4082 agitur.
923 4033 925 4037 ⁴
1308 4024 1311 4027 ⁴

381 4108 501 4173 Xl,§39.
519 4108 641 4169 Quoniam
660 4109 755 4172 legitur
774 4108 849 4170 feras,
870 4109 933 4158 nibil
952 4110 1038 4160 obstat
1061 4108 1197 4173 quominus
1219 4109 1318 4172 legatur
1340 4120 1416 4171 supra

348 4198 438 4248 labeas
450 4206 476 4249 et
486 4200 572 4263 ports,
585 4206 615 4249 ut
626 4198 746 4250 nolebant
757 4199 881 4261 Graevius,
889 4199 1056 4258 Pacciolatus,
1064 4198 1214 4259 Ernestius3
1227 4198 1321 4249 etenim
1330 4197 1418 4248 babeat

349 4296 376 4340 et
386 4288 463 4353 poerit
474 4288 590 4351 subjecto
602 4295 698 4339 carent.
709 4315 737 4327 -—
750 4289 870 4340 Fortasse
883 4289 1036 4352 legendnm:
1051 4300 1128 4339 «eam
1141 4288 1182 4352 qui
1194 4301 1244 4338 nou
1252 4287 1383 4340 habebunt
1392 4306 1414 4348 a,

350 4392 396 4442 pro
408 4378 478 4442 vulg.
493 4400 503 4422 ι
518 4391 574 4430 eam
585 4379 607 4429 si
618 4392 644 4430 u.
658 4379 683 4429 u.
699 4400 721 4429 ι.
733 4404 765 4426 ,-
776 4381 887 4430 ductore
901 4378 1051 4441 Faociolato,
1064 4378 1170 4429 seclusit
1181 4378 1296 4429 Baiterus
1316 4377 1393 4429 rerba
1407 4394 1414 4426 z
