3325 5159
592 596 635 652 bn
650 608 771 652 necteus
782 595 805 664 l,
819 602 957 662 xv-xvut,
973 595 1058 652 41-49
1309 594 1361 651 465

299 760 329 769 -
337 733 456 783 Omittum
469 734 546 783 verba
559 749 565 780 :
579 751 591 777 a
601 734 622 783 si
636 746 708 795 poeua
717 752 739 794 ι,
752 745 808 796 quae
820 732 934 782 Halmius
942 733 1044 783 inclusit
1053 747 1060 793 ;
1068 732 1277 795 scriptorisenim
1286 721 1361 781 men-

301 832 351 874 tem
365 824 523 887 perturbant.
535 852 565 859 —
578 824 640 886 5il.
654 822 749 885 Opiuor
760 823 896 886 legendum
909 835 967 872 esse
986 823 1137 884 transposita
1157 822 1246 884 partic.
1265 822 1360 871 etium:

300 936 310 957 ι
324 914 405 963 iustus
419 914 496 963 virae
508 913 591 962 bonus
602 912 778 976 conloquetur,
791 912 869 961 etiam
880 912 988 973 iuvabit,
1002 912 1028 960 in
1041 912 1106 961 viam
1117 912 1229 961 deducet
1244 931 1265 959 ».

329 1003 380 1065 XV,
393 1004 407 1068 5
418 1003 458 1052 ta.
476 1004 577 1053 Verba:
599 1011 664 1052 ‹aut
675 1002 769 1053 indicta
788 1015 863 1051 causa
877 1022 890 1048 u
909 1003 1020 1065 glossam
1040 1003 1071 1052 ad
1089 1003 1190 1065 impune
1207 1013 1265 1051 esse
1281 1001 1360 1051 intel-

296 1092 540 1154 lexitl'eldhuegel,
553 1104 634 1155 eaque
647 1091 726 1140 Halm.
739 1090 852 1141 seclusit.
866 1090 984 1140 Fortasse
995 1090 1104 1139 alterum
1116 1090 1201 1139 terius
1213 1095 1261 1139 εει.
1271 1088 1360 1138 -Ad-

297 1181 395 1230 sentior
407 1180 483 1229 Balaio
495 1180 660 1230 omittendam
672 1192 730 1228 esse
742 1181 856 1229 monenti
868 1191 956 1228 vocem
967 1177 1019 1236 iilo,
1032 1178 1099 1227 inter
1110 1176 1218 1228 utilitate
1231 1176 1360 1227 etcouuel-

300 1270 366 1319 titur.
386 1273 405 1318 Α
425 1269 538 1318 Victorio
558 1268 689 1331 legebatur
712 1268 770 1326 otiu,
793 1280 869 1331 quam
893 1246 1029 1317 lectionem
1053 1274 1138 1316 tuetur
1160 1266 1309 1329 Madvigius.
1329 1292 1361 1304 -

297 1361 310 1424 5
322 1360 360 1409 43.
376 1359 462 1409 Hdidit
476 1360 596 1420 Halmius,
611 1359 703 1409 litteris
715 1358 826 1422 obliquis
840 1380 849 1402 «
864 1358 966 1408 uirtutes
979 1372 1063 1407 omncs
1077 1377 1099 1416 ι,
1112 1364 1170 1407 aute
1185 1356 1314 1415 tollentur,
1328 1370 1358 1406 ex

296 1449 372 1498 codd.
384 1448 571 1508 deterioribus;
585 1461 640 1511 quae
653 1448 729 1497 verba
742 1448 835 1498 desunt
847 1448 872 1497 in
885 1448 997 1510 optimis,
1009 1448 1075 1511 apud
1087 1459 1152 1510 quos
1163 1447 1255 1510 legitur
1268 1445 1361 1523 tollon-

297 1542 346 1587 tur.
361 1539 485 1601 Equidem
498 1538 614 1600 suspicor
625 1538 761 1601 legendum
773 1550 831 1587 esse
844 1553 851 1585 z
867 1559 877 1581 ι
892 1538 1036 1587 humanitas
1048 1536 1130 1587 omnis
1143 1536 1246 1586 tolletur
1260 1555 1281 1583 ».

330 1629 391 1686 xvi,
409 1630 420 1690 5
438 1629 479 1678 tt.
496 1628 586 1678 Herito
605 1628 742 1677 Lambinus
760 1627 846 1690 spuria
865 1640 922 1677 esse
941 1627 1064 1677 censebat
1083 1626 1179 1676 verba:
1201 1624 1361 1675 «sententiis

297 1724 372 1780 atque
385 1718 462 1767 iussis
477 1738 498 1773 ι,
510 1730 566 1780 quae
579 1730 666 1766 revera
679 1717 817 1776 abundant,
831 1716 950 1780 quoniam
962 1723 988 1765 et
1000 1728 1076 1778 supra
1089 1722 1115 1765 et
1133 1714 1196 1765 inira
1213 1714 1361 1777 exprimun-

300 1815 347 1858 tur.
361 1834 391 1841 -
404 1807 444 1856 Sic
457 1806 510 1856 iere
522 1806 670 1857 Ciceronem
683 1806 818 1868 scripsisse
836 1805 972 1868 suspicor:
994 1825 1004 1848 «
1018 1805 1115 1855 Natura
1130 1804 1196 1853 enlm
1214 1814 1362 1853 communes

298 1896 479 1959 intelligentias
491 1896 648 1959 potionesque
660 1908 744 1943 rerum
756 1894 834 1943 efficit
843 1914 865 1942 ι.
877 1894 1060 1957 compendium
1074 1907 1127 1944 voc.
1137 1896 1228 1942 nutura
1236 1893 1361 1957 originem

298 1985 477 2047 permutationi
490 1985 568 2035 dedit.
582 1984 687 2047 Legitur
699 1984 766 2046 apud
778 1984 858 2033 Halm.
873 2000 880 2031 ι
893 2003 906 2028 n
921 1984 981 2033 llam
995 1983 1014 2048 †
1026 1990 1053 2033 et
1065 1982 1206 2033 communis
1216 1982 1361 2045 intelligen-

299 2074 332 2122 tia
345 2074 420 2123 nobis
433 2080 504 2123 notas
517 2086 560 2123 res
572 2073 648 2123 efficit
656 2094 679 2120 ».

330 2163 403 2224 llVll,
417 2164 428 2224 5
441 2163 479 2212 45.
497 2162 593 2212 Locum
605 2164 717 2212 omnium
733 2164 879 2213 criticorum
898 2163 1019 2226 opinione
1036 2169 1193 2225 corruptum,
1210 2175 1241 2211 en
1257 2162 1361 2225 ingenio

298 2251 417 2314 Madvigii
428 2264 442 2301 a
455 2252 552 2301 Klotzio
563 2251 599 2300 sie
612 2252 768 2313 restitutum,
781 2252 864 2302 edidit
876 2252 987 2302 Halmius
1001 2268 1008 2300 ι
1026 2271 1038 2297 a
1052 2252 1164 2316 itemque
1183 2251 1360 2312 inconstantia,

253 2333 256 2339 ’
298 2342 365 2404 qnod
378 2347 418 2390 est
429 2341 517 2390 vitium
530 2354 574 2390 sua
586 2348 675 2391 natura
686 2342 843 2392 iudicabitur.
856 2341 896 2392 An
908 2342 1001 2391 arboris
1013 2347 1057 2391 out
1070 2342 1127 2406 equi
1138 2342 1263 2405 ingenium
1271 2347 1361 2391 notura

300 2430 472 2491 probabimus,
486 2421 586 2493 ingenia
599 2431 719 2480 iuvenum
730 2443 780 2479 nou
792 2429 874 2479 item?
886 2451 895 2471 ·
911 2431 982 2494 quasi
994 2431 1099 2488 lacunae,
1119 2443 1175 2493 qum
1193 2430 1303 2493 obliquis
1318 2431 1362 2480 lit-

242 2542 245 2550 ·
298 2520 360 2570 teris
369 2520 513 2584 suppletur,
525 2527 609 2569 ortum
622 2520 722 2570 dederit
734 2519 958 2571 homoeoteleuton.
972 2519 1033 2569 illibi
1044 2527 1138 2580 autem,
1159 2526 1186 2569 ut
1205 2520 1293 2581 Bakio,
1313 2520 1360 2569 boc

298 2610 450 2667 remedium,
463 2610 530 2672 quod
542 2609 576 2659 ob
590 2623 644 2660 roc.
657 2610 775 2658 iuuenum
788 2609 924 2659 verisimile
937 2609 1052 2660 habitum
1063 2616 1185 2672 estatque
1194 2623 1225 2659 ex
1233 2608 1247 2673 5
1255 2609 1295 2670 45,
1304 2620 1359 2671 cap.

299 2698 361 2757 livi,
373 2699 490 2748 baustum
501 2706 551 2760 est,
564 2698 667 2761 gravius
679 2698 790 2759 videtum
808 2705 970 2762 mentemque
982 2698 1115 2761 scriptoris
1125 2698 1163 2749 sic
1176 2698 1260 2749 verius
1271 2698 1361 2761 expri-
1390 2749 1395 2759 ,

298 2800 368 2837 mere
380 2787 470 2850 opinor
483 2802 489 2835 ε
505 2808 515 2830 ι
529 2800 574 2837 sua
586 2794 676 2838 natura
685 2788 823 2851 probatum
836 2802 897 2837 oum
908 2788 1009 2852 ingenia
1020 2788 1138 2838 iuvenum
1149 2800 1200 2838 nou
1211 2786 1291 2837 item?
1305 2806 1316 2829 ι
1329 2813 1359 2823 -

298 2877 310 2938 5
323 2876 361 2925 te.
376 2875 417 2925 Sic
430 2888 533 2938 pergam
546 2890 552 2923 :
566 2893 579 2919 «
592 2876 622 2924 At
633 2876 655 2924 ai
665 2875 766 2939 ingenia
779 2882 878 2936 natura,
892 2876 1032 2926 virtutesne
1044 2884 1070 2925 et
1088 2874 1157 2935 uitia,
1174 2888 1231 2939 quae
1247 2874 1360 2926 existunt

297 2964 330 3013 ab
343 2963 461 3028 ingeniis,
474 2964 548 3013 aliter
560 2963 757 3015 iudicabuntur?
768 2963 800 3014 At
811 2965 832 3013 si
844 2977 873 3013 ea
885 2978 935 3015 nou
947 2964 1031 3026 aliter,
1044 2965 1151 3015 honesta
1159 2971 1185 3014 et
1195 2964 1276 3026 turpia
1283 2978 1361 3013 nonae

297 3054 329 3103 ad
343 3060 455 3103 naturam
467 3052 559 3103 referri
571 3066 678 3105 necesse
690 3053 757 3105 criti
771 3075 793 3112 ι,
805 3054 943 3105 scribendo
955 3055 996 3105 bis
1011 3058 1036 3103 ct
1053 3054 1074 3104 rt
1093 3068 1139 3117 pro
1155 3068 1197 3103 oo.
1211 3054 1360 3104 -Tullium

297 3143 431 3204 scripsisse
443 3143 554 3205 opinor:
570 3163 580 3186 ι
593 3144 661 3206 quod
673 3144 799 3196 laudabile
811 3150 852 3194 est
864 3144 962 3202 bonum,
980 3143 1076 3194 bonum
1090 3142 1116 3193 in
1133 3156 1162 3193 se
1181 3143 1274 3193 babeat
1292 3143 1361 3206 quod

298 3232 414 3282 laudetur
426 3245 533 3283 necesse
551 3238 592 3282 est
605 3252 626 3280 ».
639 3258 670 3269 -
682 3233 694 3295 5
705 3233 744 3282 47.
765 3232 835 3283 Halit
853 3232 964 3283 Balius:
986 3250 999 3277 a
1013 3232 1181 3283 multitudinis
1198 3245 1323 3282 consessus
1338 3252 1359 3294 »,

297 3321 365 3383 quod
377 3321 468 3371 melius
480 3321 598 3385 congruit
608 3334 667 3371 cum
678 3321 789 3372 Platonis
801 3323 868 3384 ioco,
880 3321 943 3384 Rep.
958 3321 998 3382 Vl,
1013 3334 1036 3383 p.
1049 3320 1096 3371 tau
1109 3322 1135 3371 Β.

329 3411 413 3470 livill,
426 3410 491 3475 548.
508 3411 676 3462 Scribendum
688 3423 745 3461 esse
758 3411 957 3462 tiditHalmius:
970 3429 983 3456 a
992 3411 1014 3461 si
1022 3410 1116 3462 iustitia
1128 3431 1149 3469 n,
1163 3424 1209 3474 pro
1217 3410 1277 3461 laisa
1285 3412 1360 3461 codd.

299 3500 432 3549 lectione«
447 3500 480 3549 sit
492 3501 518 3549 in
530 3513 560 3550 ea
573 3520 596 3549 o.
608 3528 639 3537 -
651 3502 704 3551 Vox
715 3501 836 3551 sententia
853 3500 917 3551 mibi
934 3500 1033 3551 videtur
1049 3500 1075 3549 b.
1094 3500 1112 3549 l.
1128 3500 1228 3561 aliena;
1246 3505 1361 3550 nostrum

296 3590 446 3652 scriptorem
458 3590 593 3652 scripsisse
605 3590 722 3652 suspicor
735 3606 742 3638 ε
758 3611 768 3633 ι
781 3591 923 3654 eademque
935 3590 1047 3641 omnium
1061 3590 1181 3640 virtutum
1192 3596 1268 3640 causa
1284 3597 1360 3653 atque

298 3679 468 3742 corrsepttcntio
481 3686 521 3730 est
534 3698 556 3726 ι.
564 3679 616 3744 -5
627 3679 666 3729 49.
680 3679 789 3730 Codices
800 3680 913 3731 babent:
929 3693 999 3730 «non
1011 3687 1100 3744 suapte
1113 3680 1192 3730 virtus
1203 3679 1360 3741 expetitur».

298 3769 353 3818 Car.
367 3770 522 3833 Stephanum
537 3790 547 3811 ι
561 3781 606 3819 sua
618 3776 709 3832 sponte
724 3789 734 3812 »
749 3768 878 3833 legentem
891 3770 1003 3820 Halmius
1014 3776 1119 3820 secutus
1130 3776 1177 3819 est.
1196 3768 1359 3831 Feldbuegel.

297 3859 387 3908 malit:
400 3877 413 3904 «
426 3866 515 3922 suapte
529 3858 569 3920 vi;
583 3879 593 3902 ι
614 3858 692 3909 Orelli
703 3872 761 3909 cum
780 3859 853 3909 editt.
876 3866 937 3909 vett.
958 3865 1072 3921 «suapte
1091 3865 1180 3908 natura
1194 3871 1223 3917 »ς
1242 3857 1360 3920 equidem

298 3946 414 4008 suspicor
423 3946 450 4011 in
463 3946 510 3995 bac
521 3947 596 3997 codd.
610 3946 669 3996 lect.
683 3946 762 3996 latere
776 3959 868 4037 vocem
881 3948 1011 4010 potestate,
1028 3945 1083 3996 scil.
1104 3941 1212 4018 δυνάμει,
1229 3956 1285 4007 quae
1296 3958 1361 3995 non-1

299 4049 435 4099 numquam
448 4050 493 4099 per
505 4036 682 4100 compendium
694 4036 815 4087 scribitur
824 4042 875 4101 pte.
889 4061 920 4071 -
933 4036 1026 4099 begam
1045 4035 1167 4097 deinceps
1181 4049 1187 4082 :
1207 4052 1220 4079 «
1233 4048 1296 4084 unna
1312 4034 1361 4085 erit

300 4124 379 4175 virtus
392 4144 415 4183 o,
429 4138 474 4187 pro
486 4139 535 4174 una
546 4127 614 4190 quud
627 4126 720 4191 legitur
734 4126 760 4176 in
772 4127 849 4177 codd.
863 4132 889 4176 et
900 4126 960 4176 edd.
980 4124 1090 4189 conjicit
1105 4125 1184 4174 Halm.
1204 4125 1256 4183 lun,
1278 4126 1357 4175 Bake:

301 4235 311 4256 ι
325 4215 394 4264 nulio
405 4214 455 4266 erit
467 4214 546 4265 virtus
557 4222 633 4279 atque
646 4216 739 4267 malitia
752 4216 894 4267 rectissime
906 4216 1005 4267 dicetur
1015 4234 1036 4265 ι.
1046 4243 1075 4251 -
1083 4215 1201 4266 Fortasse
1213 4215 1360 4278 legendum,

301 4310 415 4367 utsupra
430 4323 440 4346 ι
454 4303 477 4352 si
489 4316 573 4363 nemo,
585 4310 637 4355 etc.
651 4319 683 4354 »a
704 4305 754 4355 asi
764 4306 888 4355 neminem
904 4304 954 4369 ipsi
971 4310 1080 4355 cernunt
1098 4304 1174 4369 grati,
1194 4303 1235 4353 cui
1254 4302 1363 4366 referant
