3325 5159
611 594 652 650 lle
663 595 939 663 ominusll,va1x,
956 594 1050 652 lit-32.
1311 594 1364 651 llll

298 733 451 783 tractatione.
465 758 495 768 —
508 732 600 792 blind,
613 740 717 782 auretore
730 733 866 796 Madvigim
880 733 940 796 legit
955 747 961 781 :
976 750 988 777 e
1001 744 1100 781 morum
1114 731 1255 793 prestantia
1268 718 1364 779 aelvtr-

300 829 354 870 tute
368 842 390 882 ι,
405 834 450 883 pro
462 820 519 870 leot.
542 820 609 882 vulg.
629 840 641 863 ι
655 820 766 870 rlrorum
788 821 961 883 prestantium
978 820 1099 883 sapientia
1119 826 1146 869 et
1164 820 1258 869 virtute
1273 840 1293 872 ι.
1310 831 1366 882 qun

299 911 392 973 legitur
404 910 470 973 apud
484 910 619 965 Baiterum
633 910 675 972 qui
689 910 779 959 merito
792 910 893 959 codices
903 917 1148 973 nutassequutusest.
1157 936 1186 944 -
1199 909 1262 970 518.
1275 909 1369 958 'lotum

300 1000 365 1048 hinne
376 999 459 1047 lorum
474 1014 480 1045 τ
495 1020 505 1040 ι
521 999 621 1047 Etenim
635 999 715 1048 uirtus
727 999 810 1048 omnis
813 1034 893 1049 ........
912 1005 1033 1062 quantum
1052 999 1157 1060 aeqtritas
1173 997 1365 1059 humanitasque

301 1089 394 1151 patitur
405 1108 415 1128 »
429 1088 562 1145 insitilium
575 1100 633 1136 esso
645 1088 743 1137 monuit
754 1087 928 1147 Faeeiolatus;
941 1088 982 1137 cui
994 1088 1092 1138 assensi
1103 1094 1162 1136 sunt
1175 1086 1197 1135 l.
1211 1087 1242 1135 ll.
1256 1086 1367 1136 Heuslu·

299 1188 385 1239 genus,
401 1176 504 1225 Beierus
516 1177 604 1225 etalii.
619 1176 684 1224 Saue
696 1177 717 1224 si
731 1176 844 1236 abesset,
857 1188 932 1225 nemo
940 1176 966 1224 li.
977 1176 993 1225 l.
1004 1189 1061 1226 eum
1070 1176 1236 1226 desideraret.
1247 1177 1364 1226 Fortasse

300 1266 353 1315 haeo
365 1266 485 1328 epitome,
500 1279 555 1330 quae
566 1266 647 1315 nostrl
658 1267 792 1329 scriptoris
804 1280 878 1316 manu
893 1267 995 1316 videtur
1005 1266 1131 1328 conlecta,
1145 1267 1264 1315 idoneum
1282 1265 1364 1315 locum

267 1414 270 1420 Ι
301 1355 430 1405 obtineret
442 1357 468 1405 in
481 1356 604 1418 priuolpio
615 1355 690 1418 letojus
702 1355 770 1411 libri,
784 1363 842 1417 post
856 1356 931 1404 rerba
946 1376 956 1400 ‹
971 1356 1036 1405 libro
1047 1356 1180 1418 superiore
1189 1376 1209 1402 ι.

331 1444 371 1506 Vl,
386 1444 448 1506 eto.
467 1444 623 1493 loetantium
636 1457 729 1507 sequar
741 1445 890 1507 legentemt
910 1458 1049 1509 «magnam
1069 1458 1126 1495 esse
1146 1444 1253 1495 fortuma
1272 1445 1321 1493 uim
1340 1445 1365 1493 iu

302 1541 543 1597 utramquepartem
558 1552 570 1577 u
581 1548 587 1591 ;
600 1534 701 1582 omissis
715 1533 798 1582 verbis
812 1549 820 1580 ι
835 1556 844 1574 ιι
861 1533 899 1582 vel
912 1534 1038 1583 secundos
1049 1533 1080 1583 ad
1093 1547 1135 1583 res
1155 1533 1192 1583 uel
1210 1534 1331 1584 aduersas
1344 1554 1366 1593 ι,

300 1635 356 1685 quae
367 1635 398 1671 ex
412 1623 566 1685 glossemate
579 1630 632 1672 orta
645 1630 714 1681 sum,
727 1623 795 1685 quod
809 1629 879 1684 potet
890 1635 920 1671 ox
935 1623 967 1671 iis
979 1636 1034 1685 qttae
1046 1623 1214 1686 subjiciuntur
1227 1638 1233 1670 ε
1249 1642 1259 1665 ιι
1274 1623 1368 1671 Namet

300 1725 357 1760 cum
370 1725 493 1775 prospero
504 1712 574 1771 datu,
588 1719 637 1762 eto.
655 1732 676 1760 ι.

330 1801 382 1863 vll,
396 1802 457 1863 523.
474 1802 569 1863 Opinoi·
582 1801 717 1864 legendum
730 1814 787 1849 cum
797 1801 918 1848 Pearuio:
934 1814 1029 1862 «quem
1038 1801 1298 1862 armisoppressaooo
1309 1813 1367 1861 per-

301 1891 357 1941 tulit
368 1892 467 1953 civitas,
481 1897 506 1939 ol
519 1898 590 1953 paret
604 1904 660 1939 euni
674 1891 782 1939 maxime
796 1898 895 1938 tuorluo
910 1909 930 1935 ι.
945 1889 1016 1938 torol.
1030 1890 1110 1951 Epist.
1124 1890 1193 1937 Fato.
1207 1889 1260 1948 xli,
1277 1891 1297 1938 l.
1311 1893 1367 1939 «lla

299 1982 366 2043 quod
379 1982 403 2030 ei
416 1988 515 2030 mortuo
529 1988 608 2041 paret,
621 1992 696 2043 quem
711 1980 794 2028 riuum
807 1979 875 2028 terre
888 1992 938 2028 uon
952 1979 1070 2041 poterat?
1081 2000 1131 2021 ι-
1145 1979 1248 2028 lualusit
1259 1978 1368 2029 Orellius

299 2068 349 2130 adj.
367 2069 450 2127 lolem
471 2075 528 2132 post
546 2069 689 2123 interilum,¹
708 2069 828 2131 equidem
850 2068 976 2118 includam
995 2068 1131 2128 interitum,
1151 2082 1208 2131 quae
1227 2082 1274 2118 vox
1294 2068 1367 2118 laoile

299 2158 391 2207 abesse
404 2165 496 2221 potest.

331 2247 395 2306 llll,
408 2244 422 2309 ἓ
434 2247 472 2296 28.
490 2246 608 2295 Omittam
621 2260 660 2303 ee,
673 2253 731 2295 ante
746 2246 912 2308 transalpinis,
927 2259 972 2295 seu
986 2246 1078 2309 legam,
1093 2254 1121 2296 ul
1133 2246 1195 2295 Phil.
1209 2246 1270 2302 vlll,
1288 2247 1313 2307 6,
1327 2248 1366 2306 18,

275 2364 278 2369 ·
301 2336 420 2397 protilos,
436 2335 570 2397 prolenis.
584 2363 613 2370 -
627 2335 731 2397 Legitur
742 2335 808 2396 apud
822 2333 928 2384 Nonium
944 2350 950 2382 z
966 2356 975 2377 ι
990 2335 1039 2383 nisi
1051 2335 1118 2385 euim
1132 2335 1268 2384 mullorum
1285 2334 1368 2398 irrepu-

301 2427 392 2473 m'lotrs
403 2424 499 2473 scelera
514 2424 627 2472 tulissem
643 2443 664 2483 ι,
678 2437 733 2485 quoe
746 2422 823 2472 lectio
835 2436 885 2471 non
899 2422 1051 2483 spernenda,
1064 2423 1086 2470 si
1097 2424 1199 2472 omittas
1210 2424 1318 2477 eoelero;
1330 2424 1368 2472 sie

300 2513 407 2574 Tutilius,
421 2527 466 2575 pro
479 2513 583 2573 Milone,
596 2512 681 2573 xxxi,
695 2512 726 2561 84
739 2527 746 2559 ε
761 2530 771 2555 ι
784 2526 860 2575 quem
874 2512 895 2561 si
909 2512 1020 2569 uicisset,
1034 2512 1167 2562 habiturus
1179 2519 1248 2562 esset
1259 2511 1369 2574 impuni-

301 2583 378 2653 tatem
390 2610 417 2651 et
429 2602 557 2651 lioeuliam
570 2602 751 2664 sempiternam
762 2622 783 2650 ».
795 2628 827 2639 -
839 2603 851 2664 ξ
863 2602 905 2651 29.
916 2603 977 2651 Cum
990 2602 1141 2664 quibusdam
1152 2602 1250 2652 criticis
1261 2602 1346 2652 malim
1360 2618 1367 2649 ε

259 2693 262 2699 ’
302 2692 383 2755 «quid
395 2691 492 2741 delient
505 2699 592 2754 putare
604 2692 709 2753 eiupulis
720 2712 741 2751 ι,
754 2690 822 2754 quod
835 2692 989 2753 respoudeat
1002 2712 1012 2733 «
1024 2690 1116 2752 populo
1129 2703 1233 2740 romano
1242 2708 1262 2736 n.
1276 2689 1337 2740 Cod.
1352 2704 1367 2753 p

259 2813 261 2820 ·
301 2782 377 2832 habel
392 2802 400 2822 ι
411 2782 471 2845 quiid
485 2782 595 2831 debetur
607 2789 695 2843 putare
708 2780 815 2843 siugulis
824 2800 845 2827 ι.
855 2806 885 2819 -
897 2782 908 2842 ξ
919 2781 958 2829 30.
973 2780 1067 2843 Opinon
1079 2780 1215 2843 legendum
1226 2792 1299 2830 esse:
1314 2781 1365 2832 «ad

300 2873 422 2936 cuiusque
437 2872 493 2921 vitm
505 2872 648 2921 institutum
662 2871 904 2921 accommodandum
918 2877 958 2919 est
973 2892 992 2917 ι.
1006 2870 1077 2919 Coui.
1092 2870 1123 2919 de
1136 2870 1191 2918 lin.
1206 2867 1244 2924 lV,
1257 2869 1269 2930 ᾗ
1280 2868 1320 2919 40.
1336 2895 1367 2905 -

299 2962 377 3011 cnud.
392 2962 508 3010 habeut:
530 2982 541 3003 ιι
554 2973 634 3024 eoque
654 2960 769 3022 utrisque
789 2966 829 3007 est
849 2960 1030 3021 propemodum
1055 2959 1221 3021 comparanda
1237 2976 1258 3005 ι.
1285 2951 1366 3007 Luud.

299 3052 366 3114 conj.
382 3064 473 3114 «aeque
486 3050 610 3113 utrisque,
624 3055 673 3098 eto.
684 3068 705 3095 ι.
718 3049 918 3111 Bezzenberger.
931 3063 937 3095 ι
952 3061 1052 3111 «eaque
1061 3060 1132 3110 seque
1141 3047 1265 3109 utrisque,
1277 3053 1327 3099 etc.
1339 3061 1366 3105 ·;

300 3140 440 3190 secuudum
452 3140 646 3203 Madvigiumet
658 3138 843 3200 Stuereulrurg.
856 3150 947 3186 sensus
959 3144 1019 3186 est:
1041 3158 1049 3179 ι
1065 3136 1117 3185 liaeo
1137 3149 1184 3186 uua
1203 3149 1245 3185 res
1264 3148 1367 3197 prorsus

301 3229 467 3291 comparando
480 3238 519 3277 est
533 3236 557 3276 el
578 3227 760 3290 propemodum
779 3240 851 3289 aeotte
872 3226 985 3288 utrisque
1000 3240 1027 3281 ις
1047 3226 1109 3274 milti
1129 3233 1213 3275 autem
1224 3224 1368 3295 >displiceat

300 3317 375 3366 adun.
385 3331 497 3381 prorsus,
511 3332 588 3381 oeptae,
602 3318 778 3381 propemodum
789 3316 827 3365 sio
836 3314 1168 3376 coujunctacumutrisque;
1182 3313 1303 3363 nechene
1313 3313 1368 3388 dis-

298 3408 413 3472 juugitur
425 3408 498 3457 colon
514 3429 523 3448 «
539 3417 566 3456 ut
579 3421 628 3456 uon
643 3407 748 3456 multum
759 3405 860 3455 differat
874 3406 939 3454 inter
953 3417 1065 3453 summos
1076 3412 1102 3453 ot
1114 3404 1260 3471 medioeres¹
1274 3402 1342 3456 viros
1356 3423 1365 3445 ι

250 3537 252 3542 .
300 3497 332 3545 ab
344 3496 377 3545 iis
388 3508 445 3559 quae
458 3497 627 3557 procedunt·
644 3496 695 3544 luen
713 3495 781 3544 enim
801 3503 840 3543 est
860 3507 908 3543 uiua
929 3486 972 3543 res
992 3506 1096 3555 prorsus
1111 3506 1138 3550 ι;
1158 3493 1240 3542 malim
1261 3490 1367 3553 legere:

300 3585 383 3647 itaque
396 3585 509 3647 utrisque
522 3580 758 3645 estpropemodum
771 3584 937 3645 comparanda
954 3604 974 3629 ι.
1056 3627 1059 3631 Α

333 3674 373 3734 lx,
387 3672 449 3735 53¹.
468 3664 549 3722 Verba
563 3687 569 3720 t
586 3693 594 3713 ·
610 3672 652 3734 qtii
665 3672 814 3720 inscribitur
827 3661 941 3721 Laelius»
956 3686 1012 3735 qum
1023 3672 1107 3734 spuria
1120 3684 1178 3720 esse
1198 3670 1260 3720 vidit
1276 3670 1369 3721 Guliel-

301 3762 376 3823 mius,
391 3762 505 3829 Baiterus
517 3761 630 3812 inclusit.
645 3789 674 3796 -
686 3761 713 3822 ᾗῇ
733 3760 818 3834 did&
840 3762 862 3808 l.
884 3762 906 3809 l.
929 3762 1105 3823 lloltiugorum
1124 3773 1219 3822 sequor
1237 3760 1280 3821 qrti
1299 3760 1367 3809 laune

301 3852 385 3900 locum
399 3851 464 3912 turpi
476 3850 625 3900 confusione
639 3850 795 3899 laborantem
805 3848 857 3910 mou
873 3850 969 3911 pridem
982 3850 1102 3910 restituit,
1115 3851 1147 3899 de
1160 3862 1210 3913 quo
1219 3860 1368 3910 nuperege·

301 3948 368 4000 runt,
383 3934 433 3988 nou
448 3939 568 4001 panicum
583 3938 677 3999 fructu,
692 3940 776 3987 llerm.
791 3939 900 3999 Sauppe.
916 3939 980 3988 Bake
993 3946 1019 3987 et
1032 3939 1083 3987 alii.
1097 3938 1138 3987 Sic
1158 3939 1293 4000 legendum
1309 3948 1368 3988 esso

301 4029 400 4078 monuit
411 4027 434 4075 l.
447 4027 460 4075 J
466 4063 472 4076 .
485 4028 629 4091 llotliuger.
643 4027 683 4091 (in
696 4040 764 4090 vers.
776 4010 891 4090 german.
903 4028 946 4077 ed.
959 4027 995 4088 Ψ,
1009 4042 1033 4089 p.
1046 4026 1094 4077 308
1113 4035 1138 4077 el
1159 4027 1198 4088 s.)
1213 4042 1219 4074 z
1242 4047 1252 4069 ι
1267 4027 1367 4080 Summa

300 4119 378 4180 igitur
390 4125 416 4167 et
428 4116 539 4179 perfecta
551 4117 631 4179 gloria
644 4124 744 4167 constat
756 4131 787 4166 en
802 4117 884 4166 tribtts
895 4116 937 4165 liis
949 4132 955 4164 :
969 4116 991 4165 si
1003 4116 1086 4179 diligit
1098 4097 1241 4177 mullitudo,
1255 4116 1277 4165 si
1289 4116 1366 4166 iidem

302 4206 389 4267 lubet,
402 4190 489 4255 sicum
501 4206 667 4256 admiratione
680 4207 786 4270 quadam
799 4207 896 4256 honore
908 4206 1000 4268 dignos
1013 4212 1091 4268 pulal.
1104 4205 1162 4254 llaeo
1174 4212 1270 4266 autem,
1290 4206 1312 4256 si
1328 4214 1369 4256 est

301 4295 451 4358 simpliciter
463 4295 626 4358 breviterque
637 4296 784 4353 dicendum,
796 4296 889 4358 quibus
898 4295 975 4345 rebus
985 4295 1136 4357 pariuulura
1146 4295 1261 4358 siugulis,
1271 4295 1367 4344 eisdem

302 4384 356 4435 fere
368 4398 382 4434 a
395 4384 556 4438 multitudiue
568 4399 575 4444 ;
587 4398 643 4448 qutae
655 4386 757 4449 quidem
770 4385 869 4448 eapitur
884 4384 1017 4435 benefieiis
1028 4384 1144 4435 manime.
1159 4384 1367 4435 Secundoautem

1212 4490 1240 4537 18
