3325 5159
518 586 560 645 liu
574 599 689 643 vrntnus
702 598 841 643 vononurt
856 586 903 657 ΙΙΙ,
919 600 1027 656 itt-xvir,
1042 587 1136 645 abta.
1219 574 1221 578 ’
1322 587 1356 645 tt

296 724 448 788 Madvigius.
460 723 612 786 eliciendum
627 724 691 774 Balre
703 725 735 774 ad
747 725 799 774 Cic.
812 725 845 775 de
859 725 936 788 Legg.
951 739 975 787 p.
988 724 1066 774 262».
1081 721 1205 787 liquidem
1218 725 1287 775 illum
1300 738 1358 775 ser-

296 814 349 863 vari
366 826 440 875 posse
452 813 551 876 opinor,
566 821 697 877 postquam
710 827 759 864 non
771 815 883 876 graviori
902 815 1026 865 medicina
1040 822 1161 878 purgatus
1173 816 1230 863 erit.
1245 819 1265 865 Α
1285 816 1358 878 prin-

296 903 364 965 cipio
375 903 474 967 legam:
488 922 500 945 ι
513 903 566 951 lam
577 916 637 953 vern
646 903 851 965 perturbationes
862 903 1002 953 animorum
1014 924 1034 964 ι,
1049 917 1094 965 pro
1105 918 1150 952 nec
1159 918 1228 960 vero,
1241 905 1309 967 quod
1317 917 1359 953 nr-

298 999 352 1041 tum
364 1000 404 1041 est
415 1005 446 1041 ex
459 992 595 1055 negatione
612 1004 668 1055 quae
688 992 780 1054 legitur
792 991 856 1041 inira
876 1001 935 1041 aute
949 1014 958 1033 ι
973 1004 1010 1041 eae
1026 992 1230 1054 perturbationes
1240 1006 1261 1052 »;
1282 993 1360 1041 omit-

298 1085 359 1140 tam,
372 1093 430 1129 cum
443 1080 568 1143 Madvigio
579 1088 606 1129 et
618 1080 718 1130 Baitero
732 1096 739 1128 z
760 1099 770 1122 n
787 1094 834 1129 nee
847 1093 884 1130 eee
904 1080 1109 1141 perturbationes
1121 1081 1144 1129 vi
1156 1081 1238 1144 aliqua
1252 1081 1360 1130 naturali

300 1177 435 1220 moventur
444 1191 466 1229 ι,
479 1170 547 1233 quod
557 1169 728 1219 adnotationis
740 1171 885 1233 marginalis
898 1172 1010 1233 speciem
1024 1172 1119 1233 praebet
1131 1180 1156 1220 et
1169 1170 1277 1219 refertur
1289 1171 1319 1220 ad
1332 1183 1361 1219 ea

299 1273 356 1324 qum
367 1261 393 1309 in
406 1258 638 1324 iin‘e51leguntur3
651 1260 758 1316 deiude,
773 1269 828 1323 post
840 1275 939 1320 antaee,
953 1261 1050 1310 deleam
1064 1276 1108 1325 que
1121 1276 1156 1311 ete
1167 1269 1221 1311 orta
1235 1276 1266 1311 ex
1279 1261 1362 1310 iuter·

301 1350 443 1413 polatione;
456 1350 576 1413 denique,
590 1358 647 1412 post
658 1364 712 1400 voc.
725 1351 891 1414 voluptarium
903 1390 909 1406 ,
922 1352 959 1400 sic
972 1351 1072 1414 legam,
1092 1351 1232 1400 sententias
1245 1359 1363 1413 transpo-

300 1437 384 1488 nendo
398 1454 405 1486 ι
419 1459 429 1480 ι
443 1437 577 1501 omniaque
590 1450 619 1487 ea
632 1447 690 1487 sunt
702 1438 837 1501 opiniones
857 1452 886 1488 ac
906 1439 998 1488 iudicia
1018 1439 1145 1499 levitatis;
1161 1439 1362 1501 perturbationes

299 1536 385 1579 autem
399 1528 466 1578 uuila
481 1536 576 1578 naturae
589 1529 612 1578 vi
624 1537 817 1578 commoventur
827 1551 849 1585 ι»,
862 1530 930 1579 unde
942 1530 1092 1593 intelligitur
1104 1543 1181 1593 quare
1197 1535 1280 1579 cutem
1293 1530 1362 1593 posi-

301 1626 353 1669 tum
366 1619 400 1668 sit
413 1625 470 1681 post
478 1617 687 1681 perturbationes.
700 1617 815 1666 Notabile
828 1631 889 1667 sane
902 1618 1046 1680 exemplum
1058 1618 1147 1667 barum
1159 1619 1253 1668 diversi
1261 1619 1363 1681 generis

302 1707 539 1770 perturbationum,
555 1719 635 1771 quaea
648 1707 734 1756 multis
746 1708 806 1756 aevis
817 1707 866 1756 bos
877 1708 909 1757 de
921 1707 1026 1757 Finibus
1045 1708 1124 1758 libros
1140 1715 1324 1770 corruperunt,
1338 1716 1364 1758 et

298 1798 382 1847 critici
393 1810 468 1847 curas
479 1797 555 1846 etiam
568 1810 634 1846 nunc
649 1798 788 1860 requirunt.
809 1798 927 1847 Ceterum
941 1797 1090 1847 coniTnse.
1100 1798 1168 1859 llisp.
1183 1798 1224 1859 lV,
1236 1811 1259 1847 c.
1273 1798 1288 1847 5
1299 1806 1325 1847 et
1337 1799 1362 1848 6.

332 1886 381 1948 lit,
394 1888 406 1950 ξ
417 1886 457 1937 36.
477 1891 586 1937 duetore
600 1887 760 1937 Laebmauuo
773 1888 817 1950 (ad
831 1888 933 1936 Lueret.
947 1902 971 1949 p.
984 1887 1044 1949 231)
1063 1889 1124 1952 legit
1141 1889 1242 1938 liniter:
1259 1888 1362 1951 Stoicis,

301 1977 397 2027 omisso
410 1977 456 2025 bia.
474 2004 506 2011 -
525 1977 590 2041 §37-
610 1977 704 2039 legam
721 1990 778 2025 erun
792 1977 918 2041 lladvigin
935 1978 978 2039 (iu
996 1978 1120 2037 educti:
1141 1977 1292 2042 «quomodo
1311 1991 1364 2027 mn·

301 2073 408 2115 veantur
426 2065 569 2128 quibusque
588 2065 722 2115 decausis
741 2078 770 2116 ea
789 2079 845 2129 quae
864 2074 997 2116 versantur
1014 2067 1038 2116 in
1059 2067 1121 2117 caelo
1136 2088 1156 2115 ι.
1181 2067 1239 2116 Seii.
1259 2080 1364 2129 corpora

301 2154 421 2204 caelestia.
434 2179 465 2191 -
481 2154 544 2216 §3⁸-
564 2154 695 2204 llnuuerat
714 2155 849 2204 walkerus
867 2156 1030 2205 membrum:
1052 2177 1062 2197 ι
1077 2156 1102 2206 Si
1117 2156 1298 2219 turpitudinem
1315 2170 1365 2205 nnn

301 2243 382 2306 ipsam
395 2255 479 2305 perse
492 2241 637 2305 fugiendam
649 2256 707 2292 esse
725 2250 898 2302 statuemus»,
917 2256 1132 2306 supervacaneum
1152 2257 1226 2305 esse,
1247 2244 1365 2306 quoniam

302 2344 360 2381 mox
372 2331 466 2394 legitur
479 2346 486 2378 ε
502 2330 570 2380 «nisi
582 2344 628 2381 eos
639 2345 685 2394 per
696 2344 724 2381 se
738 2331 850 2382 loeditate
870 2345 914 2381 sua
935 2333 1064 2396 turpitudo
1077 2334 1130 2396 ipsa
1143 2334 1271 2383 deterreat
1286 2353 1307 2391 ι,
1324 2334 1364 2382 cui

303 2423 419 2473 Davisius
430 2422 633 2485 obtemperavit3
646 2423 802 2485 posteriores
815 2436 876 2473 vero
888 2424 968 2473 critici
983 2438 1033 2474 non
1047 2425 1078 2474 iis
1089 2425 1188 2474 assensi
1200 2431 1267 2474 sunt.
1288 2424 1366 2487 Equi·

302 2513 361 2563 dem
373 2513 449 2562 talem
461 2511 578 2562 Ciceroni
591 2512 754 2575 tautologiam
766 2512 879 2562 tribuere
892 2512 988 2569 nolim:
1004 2520 1030 2562 at
1049 2513 1166 2574 suspicor
1178 2525 1235 2562 eum
1250 2513 1368 2574 superio·

303 2615 358 2651 rem
369 2602 522 2651 sententiam
534 2602 604 2664 prius
616 2601 766 2665 scripsisse;
778 2614 826 2665 qna
839 2609 940 2663 spreta,
960 2601 1067 2651 alteram
1081 2602 1106 2650 in
1118 2601 1281 2651 conclusione
1293 2601 1367 2651 addi-

302 2691 354 2751 dit3
367 2691 435 2752 quod
447 2704 497 2740 nou
510 2690 627 2740 viderunt
638 2690 781 2739 librarii-
797 2690 858 2753 tae.
871 2690 978 2740 Codices
990 2703 1079 2739 ornnes
1088 2690 1184 2739 babent
1196 2690 1366 2748 temeritatem,

299 2779 369 2842 quod
380 2786 469 2829 contra
481 2779 624 2828 Stoicorum
635 2779 775 2829 doctrinam
788 2792 846 2829 esse
858 2779 921 2829 vidit
929 2778 1050 2842 Guyetus,
1063 2779 1106 2842 qui
1121 2779 1234 2828 correxit
1247 2777 1365 2827 timidita-

303 2867 369 2920 tem,
381 2875 437 2926 quae
450 2876 496 2913 vox
514 2863 653 2925 respondet
668 2875 751 2925 graeco
763 2859 838 2915 δειλία
849 2868 875 2912 et
886 2864 1024 2925 opponitur
1042 2861 1190 2923 fortitudini.
1212 2862 1274 2911 lluie
1291 2861 1366 2912 obsc-

303 2950 377 3013 quuti
388 2955 448 2999 sunt
460 2950 585 3006 BremiuS‚
599 2948 747 3012 Madvigius,
764 2949 888 2998 Baiterus.

335 3038 389 3100 llll,
403 3039 415 3100 5
428 3040 467 3089 td.
482 3038 579 3102 Legere
592 3038 694 3087 malim:
710 3060 719 3080 ι
734 3038 791 3087 Seio
804 3042 888 3087 nutem
903 3050 961 3086 esse
973 3038 1095 3101 quosdam
1110 3058 1131 3098 ι,
1150 3037 1269 3100 quoniam
1286 3036 1370 3097 agitur

305 3142 372 3178 nunc
384 3128 417 3178 de
430 3128 571 3191 Epicureis.
580 3156 609 3163 -
623 3128 740 3177 Fortasse
753 3127 889 3190 legendnm
906 3143 912 3176 :
928 3127 978 3176 «ad
992 3140 1068 3176 uuum
1081 3139 1128 3175 nos
1138 3133 1236 3175 eertum
1249 3124 1335 3173 vitium
1347 3140 1368 3184 »3

306 3230 361 3267 voe.
381 3217 449 3265 aaut
466 3225 549 3265 ortum
570 3230 627 3266 esse
641 3217 741 3267 ridetur
753 3230 783 3266 ex
798 3229 855 3267 voe.
868 3216 981 3280 aliquod,
1002 3228 1089 3277 synon.
1103 3214 1221 3278 adjectivi
1234 3227 1319 3262 unum.
1339 3240 1367 3249 -

305 3307 369 3369 ΙΙΙ.
389 3307 486 3369 Legere
501 3306 600 3356 volebat
618 3307 749 3371 Guvetus:
772 3329 781 3348 ι
796 3319 845 3369 qua
866 3313 969 3356 tractata
986 3325 1008 3367 ι,
1027 3305 1084 3368 quia
1104 3306 1143 3354 vix
1163 3304 1214 3355 dici
1235 3311 1319 3367 potest
1337 3304 1369 3353 de

305 3397 469 3445 contentione
485 3414 498 3439 «r
512 3397 537 3444 iu
554 3409 680 3445 summum
697 3396 835 3445 discrimen
853 3396 945 3446 adduci
959 3416 981 3457 u,
1003 3396 1070 3458 quod
1090 3395 1275 3445 admittendum
1286 3394 1333 3454 sit,
1346 3394 1367 3443 si

305 3498 364 3535 eum
375 3485 500 3549 Madvigio
513 3486 582 3549 legas
596 3501 602 3533 z
618 3499 712 3548 «quam
725 3493 856 3535 tractatam
871 3506 881 3526 r
896 3485 1035 3534 omittendo
1047 3499 1109 3533 rem.
1128 3485 1182 3547 ligo
1195 3497 1256 3534 vern
1268 3484 1367 3548 legam:

307 3575 451 3639 «Sequitur
463 3588 552 3637 magna
572 3575 702 3624 contentio
715 3591 721 3622 ε
736 3589 795 3623 nom
813 3580 1010 3623 tractatum......
1030 3588 1085 3626 rem
1101 3575 1126 3622 in
1145 3587 1271 3623 summum
1289 3572 1367 3622 discr.

305 3666 364 3715 add.
378 3672 427 3716 etc.
438 3685 448 3707 ι
460 3693 489 3701 -
500 3666 546 3714 llie
558 3664 642 3714 denuo
650 3666 777 3727 geminam
789 3663 906 3726 ejusdem
917 3663 1051 3713 sententie
1063 3662 1167 3712 formam
1181 3661 1289 3724 reperio,
1300 3660 1367 3709 unde

305 3754 437 3804 manifesta
450 3755 531 3804 oritur
544 3753 679 3815 tautologia
693 3766 767 3815 quam
779 3752 957 3801 animadvertit
976 3752 1126 3801 llattbiaeus.
1147 3750 1227 3811 llujus
1244 3749 1307 3798 naevi
1325 3760 1369 3796 re·

305 3844 417 3894 medium
435 3843 510 3893 facile
528 3841 680 3903 invenietur,
698 3842 720 3891 si
738 3841 856 3890 admittas
868 3841 1016 3890 Ciceronem
1030 3841 1099 3902 prius
1111 3840 1248 3901 scripsisse
1262 3852 1269 3884 :
1284 3858 1294 3880 «
1309 3837 1370 3885 itini

305 3939 390 3983 autem
403 3932 565 3995 perspicuum
578 3931 678 3980 videtur
690 3931 811 3980 maiorem
823 3930 902 3979 mrrlto
915 3929 982 3979 inter
990 3929 1089 3979 Stoicos
1101 3940 1127 3978 et
1137 3926 1319 3989 Peripateticos
1331 3939 1371 3976 re·

306 4037 361 4073 rum
380 4034 439 4073 esse
457 4021 654 4083 discrepantiam
671 4033 747 4083 quam
760 4019 896 4069 verborum
911 4039 933 4081 ι,
945 4020 1012 4083 quorl
1027 4018 1059 4067 ita
1073 4016 1187 4073 mutavit,
1200 4029 1250 4079 qun
1264 4015 1370 4065 validius

306 4127 359 4163 rem
378 4112 553 4175 exprimeret:
575 4110 661 4159 «Mihi
680 4117 765 4159 autem
784 4109 847 4158 nibil
867 4117 918 4158 tam
936 4108 1097 4171 perspicuum
1115 4106 1213 4156 videtur
1229 4119 1303 4169 quam
1322 4106 1368 4154 lras

306 4203 448 4252 sententias
459 4214 548 4251 eorum
561 4199 767 4263 pbilosophorum
780 4212 808 4248 re
820 4198 888 4248 inter
899 4210 927 4247 se
940 4197 1020 4259 magis
1028 4208 1102 4259 quarn
1117 4195 1203 4245 verbis
1213 4194 1339 4245 dissidere
1347 4214 1368 4241 ι.

305 4290 416 4341 Verbum
428 4290 467 4339 aio
480 4288 583 4338 librario
593 4289 703 4338 debetur
714 4288 758 4351 qui
770 4286 911 4336 sententias
922 4292 1075 4335 connectere
1089 4284 1175 4334 voluit.

337 4379 408 4439 lllll‚
428 4378 492 4442 tte.
511 4378 619 4428 Codices
636 4376 751 4427 babent:
773 4387 873 4439 «quam
891 4374 933 4425 illo
956 4373 1089 4433 ratione»,
1108 4386 1155 4423 seu
1173 4373 1231 4429 ittu‚·
1253 4371 1369 4422 Lambini
