3325 5159
367 662 418 719 ltll
635 661 676 717 bn
691 661 864 729 omousii,
879 673 1042 730 xvir-xmus,
1058 661 1152 719 60⁴83.

363 812 431 858 esse,
444 797 609 861 etjungendn
621 812 680 848 esse
694 799 770 848 terbe
784 820 794 841 ι
808 798 834 848 ln
847 812 897 862 quo
910 808 993 850 temen
1010 799 1065 862 ipso
1079 818 1090 842 r
1110 812 1168 848 eum
1188 812 1226 847 ur.
1246 818 1258 843 ι
1273 798 1352 848 breve
1370 798 1428 849 erti-

364 901 491 950 guumque
505 895 604 950 tempus
618 912 627 930 ι
639 902 646 947 ;
660 887 809 937 transferam
821 902 882 938 uero
895 889 1003 939 incisum
1015 889 1053 939 sie
1065 894 1189 937 mutatum
1203 902 1210 935 ι
1232 887 1281 935 «iri
1296 893 1331 937 eet
1346 887 1429 937 leuis-

361 977 426 1026 simo
438 978 524 1041 cuique
537 995 559 1034 ι,
573 983 629 1039 post
642 977 717 1026 verim
730 978 888 1028 «simillimis
901 979 988 1029 liberis
997 999 1018 1037 ι,
1032 986 1059 1028 nt
1072 978 1226 1040 respondent
1237 977 1319 1027 ineiso
1332 997 1342 1019 r
1353 976 1428 1039 gravi

364 1080 425 1116 vero
437 1067 533 1115 bomini
548 1087 569 1115 u.
582 1068 706 1117 Praetereu
719 1081 776 1117 curn
788 1066 893 1129 llrellio,
907 1069 1017 1117 inseram
1028 1069 1070 1125 rit,
1084 1067 1151 1117 inter
1163 1066 1329 1116 multitudinis
1341 1072 1368 1115 et
1387 1066 1428 1113 orl.

397 1158 470 1219 xvii,
483 1158 546 1220 §ott
564 1158 660 1206 Malim:
676 1158 764 1221 «etqrn‘
776 1158 853 1208 etiam
862 1158 910 1209 illae
918 1159 1039 1221 impense
1046 1158 1166 1208 meliores
1176 1176 1197 1213 a.
1210 1171 1256 1219 pro
1265 1156 1333 1220 vulg.
1345 1161 1427 1220 elque.

396 1248 480 1308 xviii,
493 1250 504 1310 ξ
516 1248 555 1298 6⁹2.
574 1248 691 1298 Fortasse
703 1248 860 1310 legendum:
877 1269 885 1291 ι
901 1262 952 1297 non
970 1250 1041 1299 morlo
1058 1253 1086 1298 ul
1105 1261 1137 1297 ne
1157 1248 1318 1311 adfligentur,
1336 1247 1382 1300 sed
1402 1254 1429 1297 ut

363 1337 478 1386 altiorem
490 1338 595 1400 gradum
608 1328 755 1397 ascendunt,
770 1338 880 1387 restricti
893 1338 996 1387 omnino
1009 1350 1066 1387 esse
1078 1351 1126 1387 non
1137 1337 1263 1387 debemm
1276 1355 1286 1378 r
1300 1335 1337 1385 sie
1354 1336 1429 1384 modo

366 1437 453 1475 rerum
466 1426 548 1475 iocum
560 1426 694 1487 obtinebit,
709 1426 827 1489 quoniam
837 1427 875 1476 riu
885 1426 1007 1489 conjungi
1016 1430 1120 1489 possunt
1128 1425 1430 1477 omnicoetnullomorio:

365 1521 392 1563 ut
403 1522 462 1566 ante
475 1535 488 1557 «
501 1529 530 1564 nc
541 1516 600 1564 adil.
614 1535 627 1560 »
641 1516 702 1564 mibi
715 1517 866 1565 serrandum
881 1517 989 1576 vitietur,
1003 1516 1037 1565 ob
1051 1516 1178 1578 posterius
1188 1518 1215 1563 ul
1227 1522 1286 1565 ante
1305 1514 1427 1564 altiorem.

364 1631 396 1641 -
407 1604 420 1669 5
432 1605 471 1653 ot.
485 1604 594 1654 Seclnsit
606 1604 720 1655 baiterus
732 1605 840 1662 Alienis,
855 1613 974 1655 monente
988 1605 1096 1664 ileiuio;
1115 1603 1238 1664 Lenonos,
1255 1610 1361 1653 auctore
1376 1602 1429 1652 Van

364 1694 413 1742 deu
426 1691 469 1742 Es.

364 1805 368 1810 ·
395 1781 458 1838 xlx,
471 1781 536 1844 §on
555 1783 644 1833 Merito
656 1790 778 1846 sequutus
791 1793 830 1832 est
843 1783 910 1833 idem
924 1783 1083 1841 Lambinum,
1093 1782 1136 1846 qui
1145 1782 1306 1844 veementer
1312 1782 1428 1845 spurium

363 1880 421 1920 esse
433 1871 562 1920 censebat.
1378 1871 1382 1878 ’
1416 1864 1418 1868 ’
1464 1909 1465 1912 ,

396 1959 459 2017 xxi,
472 1961 484 2021 ᾗ
495 1960 535 2008 ll.
554 1960 607 2009 bion
618 1959 693 2008 fenile
704 1966 891 2009 connectuntur
905 1971 943 2008 uu.
960 1981 969 2003 ι
984 1972 1031 2010 nec
1044 1960 1153 2011 miuus»
1170 1972 1228 2009 cum
1244 1958 1362 2015 omniuo,-
1380 1958 1428 2009 ila-

365 2060 414 2109 qne
423 2046 529 2096 Tullium
538 2048 672 2109 scripsisse
678 2048 794 2109 suspicor
805 2063 811 2095 ε
826 2068 839 2090 a
847 2048 886 2096 sln
899 2048 991 2109 minus,
1002 2048 1126 2098 utnullem
1135 2046 1397 2111 singuliseonsulutur
1406 2062 1429 2107 n,

318 2173 320 2177 »
366 2149 412 2198 pro
425 2137 492 2198 vulg.
506 2136 587 2184 etium.
602 2136 644 2185 Sic
657 2135 882 2198 protelabatur,
896 2137 988 2200 legitur
1002 2153 1008 2185 ι
1024 2158 1034 2179 ι
1049 2137 1132 2187 banda
1146 2136 1222 2186 elium
1233 2148 1311 2197 opera
1327 2142 1370 2185 est
1371 2170 1430 2183 ......

364 2228 402 2277 olu
414 2229 469 2291 qum
489 2228 638 2288 necessitas,
656 2236 705 2276 ete.
722 2248 743 2275 ι.
756 2254 786 2263 -
798 2228 809 2289 ᾖ
822 2228 862 2275 tt.
876 2227 995 2276 Restituit
1013 2228 1127 2277 Baiterus
1146 2227 1281 2278 lectionem
1300 2227 1354 2283 olli,
1374 2234 1432 2290 post

367 2316 452 2365 «molo
464 2316 532 2364 eninr
544 2336 565 2376 r,
578 2328 634 2378 qnae
646 2316 755 2365 debetur
767 2316 864 2377 optimo
875 2316 957 2365 codici
970 2328 1000 2375 a;
1013 2316 1106 2379 legitur
1117 2316 1195 2366 aliene
1207 2316 1233 2365 in
1241 2316 1298 2366 eod.
1311 2328 1342 2375 ος
1354 2315 1430 2366 omit·

366 2405 425 2454 titur
437 2406 504 2467 apud
512 2405 597 2467 Bilbp,
607 2418 671 2469 quos
678 2413 802 2469 sequutus
810 2405 987 2455 emtOrellius.
997 2433 1025 2441 —
1039 2406 1155 2469 Plerique
1162 2405 1235 2457 codd.
1247 2405 1431 2468 iidemqneop-

365 2495 419 2543 timl
428 2495 523 2544 iubent
532 2499 622 2553 temen,
632 2508 677 2557 pro
685 2499 783 2545 tontum
790 2496 857 2558 quod
868 2494 1031 2558 legitur-apud
1041 2495 1160 2545 Orellium
1169 2502 1195 2544 et
1203 2494 1338 2557 plerosque
1346 2494 1430 2563 editt..

362 2585 431 2634 inter
442 2598 519 2649 noque
532 2592 556 2635 et
570 2585 600 2634 tle
614 2589 708 2634 uorlro.
717 2586 796 2635 Codd.
806 2586 909 2647 optimis
917 2586 1074 2649 obsequutus
1080 2594 1120 2635 est
1129 2585 1356 2647 balterus—575.
1369 2585 1429 2636 Voe.

365 2675 457 2724 roboris
470 2674 590 2724 omittunt
603 2674 677 2723 codd.
692 2674 783 2735 optiml
795 2686 827 2736 cp
839 2681 897 2737 post
910 2674 986 2724 rerba
999 2694 1010 2719 u
1025 2681 1120 2725 tuntum
1134 2674 1180 2723 init
1194 2696 1215 2722 ι.
1228 2701 1257 2710 -—
1276 2672 1430 2736 lle-lendum

366 2743 919 2837 memonureuu'stsrnu.uyp.1v‚p.
935 2763 992 2824 reo)
1005 2775 1097 2814 nuncu
1110 2764 1229 2822 traiectu,
1246 2765 1312 2827 quon
1324 2754 1430 2816 sectum

366 2851 489 2901 balterus
1129 2864 1131 2867 ’

396 2941 471 3003 lixit,
485 2941 548 3003 576.
565 2942 628 2991 Cum
639 2942 661 2990 l.
677 2941 704 2989 F.
727 2941 886 3005 Heusingero
904 2943 1010 2994 seclusit
1027 2943 1094 2994 idem
1115 2957 1137 2992 r.
1158 2947 1194 2992 cal
1213 2947 1270 3006 post
1284 2943 1386 3007 politus.
1399 2970 1429 2979 -

366 3031 513 3093 suspicetur
525 3031 641 3080 Baiterus
653 3030 758 3080 verbnm
771 3031 856 3081 intulit
874 3043 919 3081 seu
936 3032 1023 3082 detulit
1043 3033 1154 3096 (variant
1172 3032 1239 3081 enim
1257 3032 1334 3084 codd.
1353 3032 1430 3084 etde

365 3121 475 3171 lectione
486 3128 513 3171 et
524 3122 556 3170 de
569 3121 625 3171 loco
641 3121 726 3181 verbi)
738 3122 897 3184 grammatici
908 3122 1015 3184 alicujus
1026 3122 1230 3186 supplementum
1245 3133 1313 3172 esse.
1332 3122 1430 3172 intelli-

364 3209 474 3272 gendum
487 3209 578 3258 inuenit
590 3210 658 3272 quod
671 3210 744 3271 panio
756 3223 832 3272 supra
844 3211 947 3274 legitur.
956 3240 986 3247 —
998 3211 1011 3276 §
1025 3213 1064 3261 78.
1075 3212 1223 3262 besuntsen
1233 3211 1360 3262 rarissime
1368 3220 1427 3262 suut

364 3299 479 3361 exemplu
491 3298 584 3361 quibus
595 3299 723 3349 muniatur
735 3312 797 3350 usus
809 3301 966 3363 pronominis
979 3314 1004 3349 se
1016 3314 1074 3350 eum
1087 3301 1165 3350 verbo
1183 3301 1252 3358 uelle,
1269 3295 1325 3350 sine
1342 3300 1430 3352 inlini·

365 3388 557 3450 circumuento,
570 3387 643 3450 quare
656 3397 716 3447 cce,
730 3389 816 3446 urere,
830 3381 913 3438 iratur
926 3387 1009 3454 (ocur.
1025 3389 1044 3449 t,
1058 3390 1082 3451 li
1093 3389 1133 3446 os,
1149 3390 1208 3448 ua;
1222 3367 1263 3449 ni,
1276 3390 1302 3452 li
1317 3391 1393 3447 curt
1402 3392 1426 3453 n

363 3475 449 3539 itaque
462 3476 554 3539 legam,
568 3477 607 3525 rei
620 3484 706 3526 contra
719 3478 823 3528 codices
837 3494 843 3525 ι
860 3500 869 3521 ι
883 3479 926 3541 qui
940 3491 1000 3528 vero
1011 3492 1040 3528 se
1053 3461 1187 3541 populares
1198 3493 1251 3538 esse¹
1263 3480 1351 3529 uolunt
1364 3500 1384 3526 ι.

396 3563 557 3625 xxtttpso.
575 3566 655 3615 Codri.
675 3567 765 3627 optimi
784 3567 897 3616 habent:
920 3587 930 3608 r
951 3566 1069 3628 proiectae
1087 3575 1220 3618 manarunt
1240 3585 1271 3628 »3
1291 3568 1430 3618 Lambinus

365 3653 467 3717 legebat
475 3652 600 3715 profecim-
614 3653 728 3703 Baiterus
740 3655 843 3717 scripsit
856 3671 863 3703 t
879 3677 888 3699 ι
900 3655 1011 3718 prolecta
1024 3665 1173 3706 emanarunt
1182 3676 1202 3704 r.
1212 3684 1242 3693 -
1255 3658 1269 3721 5¹
1280 3657 1319 3707 82.
1333 3658 1428 3721 Legum

365 3755 422 3790 cnm
436 3741 649 3804 Wyttenbaebio:
665 3763 674 3783 ·
689 3743 768 3806 linque
781 3744 901 3793 celeriter
915 3765 937 3801 r,
951 3744 989 3794 uel
1002 3746 1087 3807 potius
1097 3759 1155 3795 cum
1167 3745 1316 3796 Gernbardn
1331 3762 1342 3790 r
1357 3750 1429 3811 alque

364 3831 485 3881 celeriter
499 3851 520 3891 r,
534 3845 580 3893 pro
594 3831 661 3895 tolg.
674 3831 732 3881 leet.
746 3833 821 3896 isque,
835 3841 910 3896 quam
923 3841 1008 3884 luetur
1026 3835 1134 3885 Orellius
1152 3835 1208 3885 loeo
1225 3835 1306 3898 Epist.
1323 3836 1355 3887 nd
1373 3836 1427 3886 Dlt.

367 3921 407 3979 tlt,
419 3923 445 3979 l,
458 3922 482 3982 l,
497 3942 507 3968 ιι
520 3921 601 3981 Quum
614 3935 677 3984 puer
688 3930 747 3971 tuus
750 3957 818 3972 .......
834 3904 959 3985 uenisset,
968 3924 1039 3987 isque
1042 3957 1100 3974 ......
1114 3926 1255 3975 nuntiasset
1268 3944 1290 3987 n,
1303 3926 1347 3989 qul
1358 3926 1429 3976 locus

365 4024 414 4061 non
428 4011 497 4072 iecit,
509 4010 628 4072 quoniam
640 4011 691 4061 iilic
702 4012 778 4061 ambo
789 4012 867 4062 *verbu
880 4013 989 4063 similem
1003 4013 1097 4063 babent
1109 4014 1223 4075 l'ormam,
1237 4014 1278 4064 bie
1291 4028 1342 4065 non
1358 4016 1427 4067 ilem.

363 4125 395 4134 -
406 4098 420 4163 5
432 4100 472 4150 83.
487 4100 565 4149 Multo
575 4101 709 4162 aptiorem,
722 4101 822 4162 opinor,
837 4101 919 4151 iocum
931 4102 1059 4153 obtineret
1071 4102 1196 4152 sententia
1211 4118 1217 4149 :
1232 4124 1242 4147 ι
1257 4106 1289 4153 At
1300 4104 1343 4154 ille
1359 4104 1428 4154 Gre-

364 4200 411 4237 ous
414 4221 471 4235 ......
485 4188 575 4238 eadem
589 4189 721 4239 continere
736 4210 757 4250 r,
772 4190 793 4239 si
805 4198 865 4240 aute
879 4191 978 4255 verba«
994 4192 1071 4251 Quam
1084 4192 1117 4241 ob
1130 4203 1183 4242 rem
1196 4204 1227 4242 ne
1240 4193 1274 4242 sit
1290 4206 1325 4243 nes
1339 4213 1350 4237 υ
1368 4194 1382 4257 §
1398 4194 1429 4243 st

365 4276 394 4335 0..
406 4276 490 4334 xxiv,
504 4277 677 4328 transferatur.
693 4280 733 4329 Sic
753 4292 801 4330 non
821 4279 927 4330 divelles
946 4292 1002 4343 quae
1021 4282 1052 4330 de
1073 4281 1300 4343 proscriptionibus
1319 4282 1430 4333 rourenis

365 4365 500 4426 dinnmur3
513 4367 639 4428 oppositio
651 4368 721 4418 inter¹
736 4368 805 4419 irati
822 4369 965 4432 unuintem
984 4377 1011 4419 et
1030 4369 1171 4420 tabularum
1190 4382 1312 4420 nouarum
1334 4371 1428 4434 iniqui-
