3325 5159
332 718 384 775 lid
631 717 673 773 lia
688 729 809 775 tentans
824 717 861 787 ll,
880 728 983 789 xri-xv,
995 718 1090 776 tlt-39.

332 854 460 919 Viccpotn.
472 880 503 889 —
515 853 633 904 Fortasse
645 853 707 903 latet
718 853 744 903 iu
757 861 876 917 corrupta
888 867 934 904 seu
946 854 1055 905 obmura
1066 854 1179 907 lectione
1191 859 1324 905 concitum
1337 869 1399 919 par-

331 942 446 1006 ticipium
458 956 608 1001 concessum,
621 941 678 992 scil.
691 956 791 993 numen.
1329 955 1333 964 ·

360 1030 414 1092 llll,
427 1030 486 1094 §29-
495 1031 568 1082 Patet
576 1044 606 1081 ex
616 1031 766 1094 §llideesse
776 1044 863 1082 vocem
870 1030 975 1095 frugum
982 1045 1028 1083 seu
1037 1033 1173 1092 iuncorum,
1183 1040 1241 1083 ante
1249 1032 1397 1089 libamenta,

330 1121 397 1185 quod
407 1120 587 1181 viditValrlen3
601 1120 687 1184 itaque
695 1120 764 1170 hunc
772 1120 890 1171 criticum
900 1128 926 1171 et
934 1119 1057 1172 llalnrium
1065 1134 1177 1185 sequens
1185 1122 1283 1186 legante
1297 1142 1310 1167 u
1320 1128 1398 1185 utque

331 1211 363 1261 ad
376 1219 476 1274 tempus
488 1207 693 1278 {sacrificiorum}
709 1210 810 1274 irugunr
828 1211 964 1262 libamenta
983 1221 1126 1275 seruentur,
1148 1220 1198 1263 etc.
1212 1232 1234 1263 ».
1246 1239 1277 1250 —
1296 1212 1400 1263 Addidit
1478 1211 1482 1222 “

332 1299 412 1349 llalm.
425 1313 483 1357 non,
496 1305 555 1348 ante
567 1298 767 1362 interpretatum,
782 1299 850 1363 quod
865 1300 905 1348 rix
916 1300 1008 1350 abesse
1022 1307 1113 1362 potest.
1122 1328 1153 1338 ·-
1161 1300 1220 1351 Voc.
1230 1313 1326 1349 ornnem
1337 1309 1398 1349 ante

329 1388 475 1446 caetitatem,
488 1387 618 1438 abundare
632 1387 695 1437 milti
709 1388 825 1448 ridetur3
840 1388 946 1440 tortasse
959 1397 1043 1440 ortum
1055 1396 1095 1439 est
1107 1403 1138 1439 ex
1152 1402 1242 1447 omnes,
1257 1388 1325 1453 qnod
1337 1389 1399 1453 qui-

330 1479 388 1529 dam
404 1487 537 1528 enarrator
554 1485 611 1541 post
629 1477 744 1527 mulieres
763 1478 916 1528 inseruerat.
929 1506 959 1515 -
970 1479 982 1541 5
994 1478 1034 1529 30.
1056 1478 1203 1543 tegendum
1220 1491 1279 1528 esse
1296 1478 1398 1541 opinor,

330 1580 377 1619 seu
390 1582 397 1615 ε
412 1588 422 1609 ι
437 1567 517 1617 sacris
529 1566 637 1630 publicis
639 1603 718 1616 ........
732 1567 850 1631 religioni
863 1568 966 1631 privatae
980 1588 1002 1627 »‚
1014 1581 1060 1619 seu
1074 1584 1080 1616 :
1096 1590 1106 1612 ι
1120 1568 1199 1619 sacris
1212 1567 1311 1631 publice
1314 1602 1397 1618 ........

331 1656 448 1719 religioni
460 1656 576 1720 privatim
589 1676 612 1703 υ.
625 1684 655 1693 -
668 1656 729 1718 531.
744 1656 827 1706 llalim
841 1672 848 1705 ε
862 1676 874 1703 u
884 1672 941 1708 cnm
952 1658 984 1707 sit
996 1657 1140 1708 auctoritati
1153 1656 1348 1708 coniunctum».

361 1746 425 1809 lllll,
439 1746 503 1809 532.
520 1746 646 1797 adverbia
659 1746 730 1811 qnasi
740 1752 768 1796 et
776 1760 879 1811 prorsus
890 1747 965 1798 simul
982 1748 1079 1798 serrari
1097 1762 1149 1798 non
1166 1755 1274 1811 possunt
1290 1747 1315 1797 in
1334 1760 1399 1797 sen-

331 1835 407 1886 tentia
422 1850 428 1884 :
442 1853 455 1880 r
467 1835 541 1885 alteri
557 1835 688 1897 disciplina
708 1843 792 1885 restra
810 1837 882 1900 quasi
900 1837 1009 1887 divinari
1025 1838 1141 1889 videatur
1157 1850 1261 1901 prorsus
1279 1850 1353 1901 posse
1368 1850 1398 1896 »;

332 1924 412 1974 llalm.
424 1924 511 1975 omisit
519 1938 630 1989 prorsus.
646 1925 672 1973 ln
685 1924 758 1976 libris
770 1926 802 1974 de
815 1925 897 1975 Diria.
912 1928 983 1990 quasi
996 1926 1173 1977 verissimlllus
1184 1933 1270 1986 esset;
1283 1926 1308 1975 iu
1325 1925 1399 1975 libris

331 2016 364 2065 de
375 2015 456 2078 Legg.
465 2028 568 2078 prorsus
579 2014 670 2064 melius
682 2014 813 2066 Ciceronis
825 2016 905 2065 menti
918 2016 1072 2077 respondet:
1085 2016 1168 2079 itaque
1182 2015 1264 2079 legam
1278 2030 1285 2064 ι
1300 2034 1310 2057 ι
1323 2013 1399 2064 alteri

332 2103 491 2167 disciplinam
505 2109 614 2153 vestram
626 2104 735 2154 divinari
748 2117 852 2167 prorsus
866 2117 941 2167 posse
951 2124 1004 2153 ·.-
1012 2105 1128 2155 Omittum
1142 2117 1199 2154 cum
1211 2103 1312 2153 Darisio
1324 2093 1397 2167 qnod,

332 2192 399 2243 inter
410 2192 484 2254 siqnis
496 2198 523 2241 ct
534 2192 710 2256 discipline.-
717 2192 812 2256 Legam
823 2207 882 2243 cum
895 2193 1029 2257 Madvigio,
1038 2206 1114 2257 quem
1123 2199 1245 2256 sequutus
1253 2198 1293 2242 est
1301 2190 1380 2241 ilalm.
1391 2206 1398 2239 τ

334 2300 344 2321 ι
355 2280 377 2330 si
388 2280 526 2331 enimdeos
534 2293 591 2330 esse
598 2281 763 2330 concedimus
771 2302 791 2328 ι.
800 2281 879 2332 codd.
890 2281 985 2332 habent
997 2303 1006 2325 «
1016 2294 1130 2331 summos
1138 2294 1194 2330 esse
1202 2279 1366 2330 concedimus
1374 2298 1397 2329 ι.

332 2396 364 2426 -τ
375 2370 388 2433 5
399 2369 438 2419 33.
452 2370 578 2419 Geusehat
592 2369 683 2420 Belius
695 2369 831 2434 legendum
844 2383 902 2421 esse
915 2371 1042 2435 predicta,
1061 2384 1106 2434 pro
1122 2370 1259 2434 pr·oedictis,·
1279 2368 1397 2432 equidem

333 2460 449 2523 suspicor
460 2460 613 2510 sententiam
628 2474 635 2507 ι
648 2478 661 2505 ι
674 2474 798 2525 augurum
810 2462 938 2524 praedictis
951 2461 1027 2511 multa
1046 2461 1231 2511 incredibiliter
1249 2472 1308 2509 vera
1327 2457 1399 2508 ceei-

332 2549 422 2599 disse»
435 2549 535 2599 cuidam
547 2549 687 2599 enarratori
696 2550 856 2600 tribuendam
865 2563 939 2610 esse;
952 2564 1002 2600 nou
1011 2549 1152 2600 saneTullii
1161 2548 1312 2612 elegantiam
1321 2546 1397 2597 redo·

333 2638 377 2700 let,
391 2652 473 2703 neque
485 2640 518 2688 ab
530 2639 651 2689 orationis
663 2640 730 2689 serie
742 2640 922 2703 requiritur.—
934 2640 1077 2690 Pronuuren
1089 2638 1121 2697 id,
1136 2645 1193 2700 post
1201 2637 1319 2695 nationes,
1329 2635 1399 2685 ride·

334 2736 375 2779 tur·
386 2728 496 2777 alienum
509 2741 575 2779 esse.
590 2728 717 2791 Fortasse,
732 2736 759 2779 ut
770 2736 858 2780 monet
867 2729 967 2793 Belius,
978 2729 1039 2779 latet.
1048 2729 1072 2777 in
1082 2726 1211 2778 vocabulis
1218 2723 1400 2789 superstitibus

335 2830 382 2866 vox
395 2816 578 2874 diuinationem,
591 2829 647 2881 quae
659 2831 705 2880 per
716 2817 934 2868 houroeoteleuton
946 2817 1057 2878 evanuit,
1066 2823 1092 2866 et
1100 2815 1235 2879 legendum
1243 2813 1307 2864 inira
1322 2828 1397 2863 «enni

334 2911 427 2955 certum
438 2919 495 2957 esse
514 2906 644 2957 docuisset
657 2926 680 2969 n,
700 2920 745 2969 pro
766 2907 832 2971 vulg.
856 2920 909 2957 «ea
929 2914 998 2956 certa
1014 2927 1033 2953 ·.
1052 2909 1205 2955 -Auctore
1223 2902 1397 2964 Mommsenio,

333 2994 419 3044 omisit
431 2994 510 3043 llalm.
525 3007 617 3044 nomen
630 2995 748 3054 Arctum,
761 3002 820 3047 ante
832 2996 968 3060 Phrppnrn.

361 3085 428 3147 xlv,
442 3086 505 3148 534.
523 3085 606 3135 llalim
618 3100 676 3136 cum
690 3086 766 3137 Balio
778 3087 882 3150 legere:
895 3086 1071 3151 soedernmqnc,
1084 3099 1130 3149 pro
1139 3084 1207 3149 vulg.
1216 3083 1344 3147 forumque
1351 3096 1397 3134 seu

333 3176 485 3238 lorumque,·
497 3175 587 3225 saltem
599 3174 691 3226 melius
702 3175 820 3239 congruit
832 3190 890 3226 cum
903 3175 916 3239 5
928 3175 969 3237 tt,
982 3188 1005 3224 c.
1017 3175 1057 3224 ill.
1065 3174 1174 3237 iladvig.
1183 3180 1209 3223 el
1221 3172 1302 3222 llalm.
1311 3170 1398 3235 legunt

333 3277 516 3327 eornrnqne.-
528 3263 620 3313 Belius
631 3263 682 3327 jam
696 3263 793 3313 uiderat
806 3263 941 3327 legendum
954 3276 1027 3313 esse:
1043 3262 1124 3311 -satis
1136 3274 1193 3311 esse
1205 3259 1229 3310 in
1243 3260 1296 3323 ipsa
1309 3258 1365 3322 lege
1375 3278 1397 3316 ι,

334 3365 379 3415 pro
393 3352 458 3417 vulg.
473 3373 486 3398 ι
499 3354 561 3404 satis
572 3366 699 3418 supraque
710 3368 753 3402 sen
765 3366 894 3417 superque
908 3372 930 3401 n.
944 3352 1024 3403 Halm.
1037 3351 1118 3403 edidit
1129 3358 1233 3400 auctore
1248 3348 1398 3411 Feldlrligel.

335 3442 421 3491 «satis
434 3456 492 3493 esse
503 3443 553 3492 iam
565 3444 591 3492 in
604 3443 657 3507 ipsa
670 3444 727 3507 lege
742 3465 763 3490 ·.
778 3471 808 3479 —
823 3442 886 3505 535.
907 3442 1066 3492 Admittenda
1086 3448 1141 3491 erat
1159 3442 1214 3491 Car.
1234 3437 1355 3502 Stephani
1371 3444 1398 3487 et

334 3528 438 3579 ilunutii
455 3531 581 3581 correctio
597 3531 736 3596 legentium
754 3532 836 3589 uestri,
854 3544 909 3590 seu,
929 3539 954 3580 ul
972 3530 1042 3580 malit
1057 3528 1149 3591 Halm,
1166 3528 1249 3585 nostri,
1268 3540 1313 3591 pro
1329 3525 1398 3588 vulg.

334 3620 420 3678 nostri,
435 3627 491 3682 post
503 3619 709 3685 Enntoipidoeqnc.

366 3708 416 3770 XV,
430 3708 491 3770 §32
511 3709 610 3760 Habent
621 3716 674 3773 opt.
687 3711 762 3761 codd.
779 3733 788 3752 ·
803 3711 857 3760 iuet
874 3710 1046 3768 iunrtneuuas,
1067 3723 1110 3758 een
1128 3708 1275 3759 iutuitendis
1294 3704 1397 3769 religio·

334 3797 410 3849 uibus
423 3818 445 3856 ι,
458 3800 601 3850 deteriores
614 3820 626 3844 a
640 3800 666 3849 iu
679 3800 845 3850 admittendis
860 3820 881 3861 ν,
895 3800 962 3863 quod
974 3798 1054 3850 edidit
1067 3798 1145 3848 llalm.
1161 3796 1251 3847 itatius
1262 3802 1351 3846 censet
1361 3794 1399 3843 le-

333 3887 445 3951 gendum
457 3888 581 3938 initiandis
592 3889 660 3953 quod
671 3889 794 3938 soloecnm
806 3897 862 3949 est;
883 3888 1003 3950 debebat,
1017 3895 1045 3937 ut
1056 3894 1143 3937 monet
1156 3886 1247 3943 Halm„
1264 3883 1400 3937 initiando:

334 3980 452 4043 equidem
466 3980 550 4029 malim
562 3980 685 4029 imitandis
697 3980 736 4030 rel
748 3980 901 4030 inducendis.
911 4007 942 4015 -
953 3980 967 4043 5
978 3979 1017 4029 38.
1032 3979 1126 4028 Locum
1138 3984 1295 4039 corruptum,
1310 3974 1399 4038 partim

333 4069 496 4133 egregiorum
508 4070 655 4120 criticorum
668 4070 771 4133 ingeulo
784 4069 893 4119 feliciter
904 4068 1077 4130 emendatum,
1089 4065 1127 4115 sie
1141 4065 1325 4115 restituendum
1341 4072 1397 4111 esse

333 4158 424 4221 opinor
437 4173 443 4205 :
459 4158 529 4207 «lam
541 4159 607 4209 ludis
620 4158 734 4222 publicis,
748 4158 867 4223 quoniam
879 4166 938 4209 suut
950 4172 1026 4209 cauea
1039 4157 1157 4220 circoque
1169 4154 1253 4217 divisi,
1265 4158 1293 4202 nt
1306 4164 1399 4215 corpo·

335 4260 391 4296 rum
402 4248 538 4298 certationi
549 4261 626 4298 cursu
638 4255 664 4298 et
676 4248 841 4313 pugillatione
844 4283 903 4297 ......
916 4248 1000 4298 circus
1011 4250 1047 4296 est
1058 4245 1222 4306 constitutus,
1235 4243 1269 4293 sic
1280 4253 1356 4291 cauea
1368 4239 1399 4289 ad

334 4345 447 4402 cautum,
460 4346 510 4388 etc.
526 4358 536 4380 »
549 4339 604 4389 scil.
618 4338 795 4389 constituatur.
809 4366 839 4375 -
852 4339 864 4402 ξ
875 4338 915 4388 39.
929 4338 1044 4400 Lacunae,
1057 4350 1107 4387 nou
1120 4334 1281 4398 corruptele,
1298 4331 1400 4395 siguum

337 4440 428 4491 ponam
440 4426 508 4477 iuter
518 4431 578 4491 puto
589 4436 615 4479 et
629 4450 639 4473 ι
656 4429 698 4479 illa
710 4429 813 4494 quidem
828 4448 850 4478 ι.
863 4456 894 4466 -
910 4428 994 4479 Malim
1006 4427 1088 4486 recidi,
1101 4427 1168 4490 quod
1180 4426 1213 4476 de
1226 4423 1303 4475 rebus
1316 4421 1400 4486 pravis

337 4516 440 4579 dicitur,
453 4531 529 4584 quum
540 4516 620 4569 incidi.
