3325 5159
301 668 352 726 tto
603 668 679 727 curo
693 682 798 741 aaron,
818 683 930 742 rvr-xx,
946 671 1042 729 att-la.

297 802 436 868 leguntur:
467 803 585 868 «quibus
604 817 653 868 ego
672 805 855 856 incredibiliter
872 806 987 858 delector
1000 826 1022 857 o.
1047 808 1144 859 Nodum
1171 808 1251 859 sensit
1272 807 1351 858 blaur.

298 891 413 957 Seyffert.
426 893 469 957 qui
482 893 541 944 velit
552 893 654 957 legere:
668 914 679 937 α
692 894 744 945 obl.
757 909 805 945 non
815 896 925 947 noscatis
938 918 961 945 ι.
974 926 1004 934 -
1015 897 1105 949 Merito
1120 897 1214 949 omittit
1231 910 1267 955 eo.
1285 897 1357 947 inter

298 996 377 1032 conae
389 990 415 1032 et
427 982 542 1045 efficiunt,
557 983 687 1034 Baiter..in
699 984 741 1034 ed.
759 984 828 1047 Lips.
847 998 878 1035 ex
899 985 954 1036 cod.
976 986 1104 1037 beldensi.
1115 986 1239 1037 -Verba
1261 984 1354 1036 «terro

297 1078 429 1134 amputans
442 1091 453 1115 ι
467 1071 528 1122 mibi
539 1072 624 1135 spuria
637 1072 774 1131 ridentur;
793 1074 832 1123 vix
849 1073 919 1125 dicas
937 1094 947 1118 ι
961 1087 1002 1125 ars
1019 1082 1152 1139 amputans
1165 1094 1176 1119 ·
1190 1088 1198 1133 ς
1216 1086 1299 1139 neque
1317 1074 1354 1123 utl

297 1158 364 1210 terro
375 1159 407 1210 ad
419 1160 584 1210 coercendam
597 1161 673 1211 vitem
685 1162 802 1224 agricolae
813 1162 905 1213 solent.

329 1247 392 1310 xvl,
404 1247 418 1312 ἓ
429 1249 469 1298 56.
489 1248 627 1300 lielendum
644 1257 732 1300 censet
748 1250 849 1315 Kayser.
870 1252 976 1302 incisum
997 1271 1008 1296 ι
1022 1251 1048 1304 ιιι
1065 1260 1105 1303 est
1123 1264 1199 1302 senes
1213 1270 1235 1302 u.
1247 1277 1279 1289 -
1290 1251 1302 1315 i
1314 1251 1353 1300 58.

300 1338 390 1388 Baiter.
399 1351 429 1388 ex
438 1338 494 1388 cod.
504 1338 691 1402 libenaugiensi
699 1338 779 1391 allero
786 1340 876 1390 scribit
883 1340 909 1390 in
916 1341 957 1392 ed.
967 1341 1035 1405 Lips.
1047 1341 1120 1393 «Sibi
1126 1341 1205 1406 igitur
1213 1341 1323 1391 habeant
1332 1359 1353 1387 o.

297 1450 328 1463 -
339 1425 456 1477 Fortasse
468 1427 538 1489 prius
549 1427 686 1491 scripserat
697 1428 808 1478 Tullius:
822 1447 834 1472 r
848 1428 922 1479 nobis
938 1430 1042 1480 senibus
1058 1444 1088 1482 err
1109 1430 1250 1481 lusionibus
1267 1428 1356 1479 multis

300 1514 364 1565 talos
376 1514 518 1579 relinquant
529 1530 573 1565 seu
582 1523 707 1567 tesseras:
720 1526 803 1567 utrum
811 1517 919 1569 iubebit.
930 1538 951 1580 ι,
960 1520 1085 1570 etdeinde
1093 1520 1288 1571 sententiamslc
1296 1533 1357 1570 cor-

299 1604 384 1654 rexit:
397 1623 409 1649 r
424 1606 488 1655 talos
498 1609 522 1655 cl
535 1612 654 1668 tesseres,
668 1606 786 1669 idipsum
800 1615 827 1656 ut
840 1607 947 1668 iubebit,
960 1609 1079 1672 quoniam
1090 1608 1146 1660 sine
1158 1610 1189 1659 iis
1205 1608 1279 1659 beata
1297 1621 1354 1659 esse

298 1700 418 1744 senectus
431 1700 514 1755 potest
526 1712 549 1743 o.

329 1781 477 1845 rivinasti.
495 1782 577 1832 blalim
590 1783 693 1847 legere:
713 1794 811 1848 «atque
829 1792 857 1835 ut
872 1785 1033 1849 intelllpolrtr,
1052 1800 1097 1851 pro
1116 1787 1181 1851 vulg.
1202 1785 1353 1849 inlelliputia,

298 1872 365 1935 quod
378 1879 461 1922 ortum
473 1871 573 1922 videtur
584 1885 615 1922 err
629 1872 755 1935 prioribus
766 1891 779 1918 u
794 1873 820 1923 ut
832 1873 914 1925 iecitis
928 1893 949 1923 r.
962 1901 992 1912 -
1003 1875 1120 1926 Nonnihil
1138 1874 1243 1926 oliendit
1259 1874 1354 1938 duplex

299 1972 359 2009 usus
371 1960 443 2009 verbi
455 1960 572 2025 loquitur,
585 1960 652 2025 quod
665 1969 782 2011 neutrum
794 1969 834 2012 est
845 1963 946 2027 quando
956 1964 1039 2027 agitur
1050 1963 1082 2014 de
1094 1964 1195 2028 dialogo
1206 1977 1263 2014 cnm
1276 1963 1356 2014 Crito-

300 2049 368 2108 bulo,
381 2050 490 2098 activum
502 2049 603 2112 quando
615 2056 731 2099 narretur
741 2050 799 2114 Cyri
808 2064 866 2101 cum
879 2051 1007 2115 Lysandro
1018 2052 1110 2115 agendi
1122 2053 1186 2103 ratio
1196 2090 1202 2112 ‚
1214 2052 1300 2115 itaque
1310 2052 1354 2103 ad·

299 2140 366 2195 dam,
379 2144 406 2187 ut
417 2138 443 2187 in
455 2138 512 2188 cod.
526 2138 629 2187 Pmauu
641 2138 666 2201 Ξ,
679 2152 726 2201 quo
739 2145 797 2189 ante
809 2139 926 2202 loquitur,
939 2148 965 2190 et
984 2147 1041 2203 post
1059 2162 1069 2185 ι
1085 2141 1220 2191 humanum
1239 2139 1317 2191 luisse
1332 2162 1355 2203 ι,

300 2227 343 2285 ait,
355 2226 423 2290 quod
434 2238 448 2275 a
463 2232 526 2288 part.
540 2229 563 2275 el
575 2225 708 2276 absorberi
720 2228 809 2289 potuit.
822 2254 853 2263 -
864 2228 876 2290 ᾗ
887 2227 927 2278 60.
939 2228 1058 2279 Restituit
1073 2228 1211 2289 Comitium,
1230 2242 1275 2292 pro
1292 2228 1356 2281 Cor·-

300 2330 366 2374 oom,
381 2315 471 2366 Baiter.
484 2315 510 2365 lu
523 2315 563 2365 ed,
576 2314 643 2377 blps.
656 2342 688 2352 -—
699 2316 712 2378 5
722 2316 762 2366 61.
773 2316 872 2367 blalim:
887 2339 897 2360 ι
912 2317 1023 2368 omnium
1035 2322 1071 2368 eat
1086 2318 1150 2368 lama
1167 2319 1329 2369 consentiens
1342 2338 1355 2364 o

301 2408 426 2467 proceret,
440 2404 557 2467 quoniam
570 2403 602 2454 de
613 2403 680 2455 iacto
692 2404 758 2454 nulla
770 2406 894 2456 dubitatio
910 2405 1007 2456 subest.
1020 2434 1048 2442 -
1061 2406 1165 2457 Videtur
1181 2406 1273 2457 deesse
1290 2420 1355 2457 con-

297 2492 396 2555 junctio
407 2506 452 2543 seu
465 2493 614 2544 adverbium
625 2494 692 2543 inter
702 2494 773 2543 babet
784 2502 810 2543 et
825 2498 944 2553 recoctus,
963 2495 1072 2546 inseram
1088 2510 1146 2545 sone
1162 2496 1229 2560 quod
1247 2496 1355 2547 fortasse

300 2582 402 2633 evanuit
413 2583 446 2633 ob
459 2583 552 2645 primas
563 2582 671 2646 syllabas
682 2596 738 2633 roc.
750 2585 890 2647 sequentis.

330 2671 414 2731 livill,
428 2673 491 2735 563.
510 2674 612 2736 lleyser.
627 2674 687 2723 velit
700 2688 707 2721 ι
722 2693 734 2718 ι
747 2686 839 2737 magno
857 2674 882 2723 ln
898 2687 1019 2725 consessu
1034 2695 1054 2722 ι.
1067 2700 1096 2711 -
1113 2675 1260 2725 Ciceronem
1272 2676 1356 2739 scrip-

300 2761 365 2811 sisse
377 2761 467 2824 opinor
480 2778 487 2811 :
502 2783 511 2804 a
526 2775 614 2812 senem
627 2762 696 2812 illum
708 2776 790 2812 aecum
807 2764 934 2825 recepisse
949 2784 969 2820 »‚
988 2777 1038 2827 quo
1056 2770 1197 2827 opponeret
1214 2764 1354 2828 legatorum

301 2851 478 2901 verecundiam
490 2851 683 2901 Atheniensium
695 2851 870 2915 negligentiae3
883 2851 945 2901 nibil
956 2852 1027 2903 addit
1037 2852 1168 2903 seutentiae
1186 2853 1291 2903 verbum
1302 2868 1356 2904 sca-

300 2953 402 2989 rum-
413 2940 426 3002 5
436 2939 475 2989 65.
488 2940 567 2991 Codd.
580 2939 675 2989 babent
687 2952 732 2991 seu
745 2942 849 2991 «omnis
860 2947 980 3003 natura»,
993 2954 1039 2992 seu
1053 2942 1323 2993 «omnisaetesnaturae
1332 2952 1354 3002 »ς

300 3040 346 3078 seu
361 3049 370 3071 ι
384 3028 466 3079 omnis
477 3036 538 3079 aetas
552 3049 574 3091 n,
587 3042 643 3093 quae
654 3028 730 3080 lectio
742 3029 804 3079 mibi
823 3042 882 3080 vera
901 3030 1009 3083 ridetur.
1027 3029 1121 3081 Scribit
1139 3030 1250 3081 Halmius
1267 3031 1293 3080 in
1312 3030 1353 3081 ed.

300 3118 358 3167 Tur.
373 3136 385 3161 r
399 3118 481 3168 omnis
493 3125 580 3169 natura
594 3138 617 3183 ι,
630 3118 721 3171 Baiter.
734 3118 759 3168 in
778 3119 819 3169 ed.
839 3118 918 3183 Lips,
938 3132 994 3170 cum
1015 3120 1230 3184 Bezzenbergero,
1249 3121 1356 3171 «curnis

301 3213 363 3256 retas
374 3213 472 3257 matura
487 3225 507 3254 t.

333 3293 396 3353 xlx,
409 3295 421 3358 5
432 3294 473 3345 dd.
490 3294 582 3358 Optimi
593 3295 668 3346 codd.
681 3295 775 3346 babent
787 3314 799 3340 a
809 3308 860 3346 non
872 3303 956 3359 potest
967 3308 1025 3346 esse
1036 3295 1111 3360 longe
1122 3312 1144 3357 »;
1155 3298 1192 3346 sic
1204 3296 1293 3347 scribit
1301 3298 1356 3347 Bei-

302 3390 372 3433 terus
383 3383 409 3433 in
421 3384 463 3433 ed.
481 3382 549 3446 Lips,
561 3412 592 3420 -
604 3383 618 3448 ᾖ
629 3384 668 3435 67.
687 3383 805 3434 Fortasse
822 3385 956 3449 legendum
971 3400 978 3433 :
996 3404 1006 3426 «
1021 3386 1087 3449 quod
1104 3399 1154 3434 non
1168 3384 1355 3446 itaaccideret,

303 3472 393 3523 melius
404 3478 431 3522 et
443 3472 625 3535 prudentiusai
643 3473 770 3523 viveretur
784 3494 805 3521 ι.
817 3502 848 3510 -
861 3473 1007 3537 begendnm
1023 3485 1080 3523 esse
1094 3488 1100 3520 ε
1118 3491 1131 3519 r
1145 3472 1215 3533 Quod
1234 3480 1273 3523 est
1291 3474 1357 3523 istud

301 3561 396 3612 crimen
407 3562 569 3612 senectutis»
581 3562 678 3612 monuit
689 3562 868 3626 wesenberg,
883 3576 928 3626 pro
936 3561 1003 3626 vulg.
1018 3581 1030 3605 c
1039 3562 1100 3612 illud
1113 3570 1152 3613 est
1162 3582 1182 3611 ι.
1192 3589 1222 3598 -
1233 3562 1247 3627 §
1258 3563 1298 3613 70.
1312 3562 1357 3613 Le·

301 3662 357 3714 gam
369 3664 428 3701 cum
439 3650 548 3715 Kaysero
562 3667 568 3699 :
584 3665 652 3702 «rer
662 3652 730 3701 enim
743 3658 869 3715 tamquam
885 3651 1055 3702 adolescentie
1068 3670 1090 3707 o,
1109 3664 1154 3713 pro
1171 3651 1237 3714 vulg.
1254 3651 1356 3701 adoles-

302 3740 420 3790 centlum.

333 3829 385 3892 xx,
400 3828 462 3891 §te
472 3830 578 3881 Prorsus
589 3829 675 3880 omisit
687 3829 798 3880 Halmius
811 3829 915 3893 primam
928 3829 949 3893 §⁵
970 3828 1136 3879 sententiam:
1151 3828 1283 3878 «omniurn
1294 3836 1356 3878 aeta-

302 3925 354 3969 tum
366 3925 451 3970 certus
463 3925 503 3969 est
515 3919 637 3969 terminus
651 3938 673 3981 ι,
686 3931 742 3984 quae
758 3918 782 3967 in
801 3919 875 3970 codd.
897 3917 999 3981 optimis
1019 3916 1073 3968 iere
1092 3917 1209 3967 omnibus
1227 3918 1310 3977 deest,
1330 3926 1356 3967 et

302 4020 376 4072 quam
387 4008 443 4059 sine
461 4008 618 4059 dubitatione
636 4008 773 4059 admiserat
791 4006 907 4058 Orellius.
921 4035 950 4045 -
963 4005 1070 4057 incisum
1090 4013 1274 4070 rmortemque
1293 4019 1356 4056 con-

301 4105 415 4148 temnere
428 4117 451 4160 »,
464 4098 496 4149 de
508 4111 558 4162 quo
569 4098 721 4149 dissentiunt
740 4097 843 4148 codices
862 4104 888 4147 et
906 4097 973 4160 quod
990 4096 1042 4160 iam
1060 4095 1165 4145 Ursinus
1182 4096 1355 4156 damnaverat,

299 4200 375 4252 quem
386 4193 508 4251 sequutus
519 4194 560 4237 est
571 4187 712 4250 Sebinnus,
724 4186 893 4249 adstipulante
905 4185 1012 4249 Madvig.
1025 4185 1129 4236 seclusit
1142 4185 1270 4246 Halmium
1284 4186 1355 4249 eqni·

301 4275 359 4327 dem
370 4276 432 4327 illud
443 4276 550 4327 deleam.
563 4303 594 4315 -
605 4277 671 4327 Satis
682 4275 813 4327 manifeste
832 4275 939 4340 geminae
955 4274 1139 4350 enunciationls
1156 4275 1262 4339 vestigia
1278 4288 1356 4338 appe-

299 4373 358 4417 rent
367 4366 393 4415 iu
405 4365 530 4417 sententia
542 4378 598 4429 quae
609 4365 684 4430 vulgo
695 4364 732 4415 sic
743 4365 837 4429 legitur
849 4380 856 4413 ι
870 4365 944 4415 olloc
955 4364 1017 4414 illud
1031 4370 1078 4423 est,
1091 4365 1159 4429 quod
1171 4364 1303 4415 Pisistrato
1316 4371 1356 4428 tp-

302 4467 380 4507 rauuo
391 4468 405 4505 a
417 4455 510 4506 Solone
521 4467 671 4517 responsum
683 4460 732 4516 est,
745 4468 802 4505 cum
815 4454 851 4505 illi
862 4453 993 4518 querenti,
1006 4467 1054 4518 qua
1068 4455 1168 4505 tandem
1180 4467 1208 4506 re
1218 4452 1298 4506 fretus
1306 4453 1356 4511 sibi
