3325 5159
297 563 334 624 96
523 560 1148 633 1111166161111111116111163661.

299 702 371 754 rlmia
380 701 462 754 abeat.
475 728 506 741 -
517 702 530 766 5
540 701 580 754 36.
593 701 808 755 permutationem
820 702 911 752 iactam
922 713 981 753 esse
993 698 1110 764 auspicor
1116 700 1186 752 inter
1192 699 1283 765 primae
1289 698 1359 765 buius

298 792 311 856 5
322 792 456 844 sententiae
467 799 561 856 partes,
574 805 631 857 quae
643 792 733 843 meiius
745 791 920 857 intelligentur
931 791 969 843 sic
984 790 1090 855 posita:
1105 809 1116 836 ι
1129 789 1313 854 Verumtamen
1325 790 1360 840 ri·

298 882 404 933 deamus
414 882 510 934 exitum
520 898 527 932 z
539 895 615 947 qoam
627 882 661 933 ob
673 895 728 933 rem
740 882 767 933 id
778 881 882 946 quidem
893 893 1028 933 commune
1040 886 1081 931 eat
1090 880 1124 934 de
1132 878 1218 932 calido
1227 900 1250 928 ι.
1263 878 1361 931 86111661

299 970 392 1022 «idem
405 977 521 1035 putamus
533 972 565 1022 de
576 970 659 1021 calido
672 989 694 1019 n,
707 970 760 1020 Nisi
774 970 817 1021 ilat
833 969 996 1034 permutatio,
1012 972 1183 1020 rcromtomen
1198 969 1321 1020 abundat
1331 995 1358 1005 —

299 1060 346 1111 Pro
359 1060 468 1111 lectione
480 1059 866 1124 codd.eniriaaccoa,iegendum
878 1059 979 1109 censuit
990 1058 1115 1109 Buberius
1125 1058 1285 1117 intricamur,
1296 1057 1359 1122 quod

297 1149 400 1200 admisit
411 1150 542 1211 Baiterns3
554 1157 580 1200 at
592 1162 643 1202 non
654 1149 748 1214 legitur
759 1150 826 1213 apud
839 1149 999 1201 Ciceronem.
1017 1149 1134 1200 1666116
1147 1153 1176 1199 61
1188 1146 1300 1200 Orelliua
1316 1158 1360 1196 66-

299 1247 351 1290 tem
357 1239 548 1305 wyttenbacbii
558 1239 731 1304 conjecturam
746 1246 793 1290 ‹et
803 1239 940 1289 sentiens»
952 1244 1122 1303 accepemnt;
1134 1237 1259 1302 equidem
1280 1235 1361 1286 malim

297 1340 360 1378 seu:
376 1349 385 1372 ι
399 1336 470 1379 extra
482 1328 613 1379 interitum
628 1348 649 1388 a,
662 1340 726 1380 seu:
748 1334 842 1379 neutra
855 1335 882 1380 et
893 1328 992 1379 intus.»
1005 1354 1036 1365 -
1058 1327 1124 1393 537.
1144 1326 1286 1378 abundare
1303 1324 1361 1376 mihi

299 1418 399 1470 videtur
410 1432 466 1469 voc.
480 1419 584 1482 longius,
598 1425 656 1469 ante
670 1438 681 1463 ι
694 1417 809 1470 discedat
820 1430 835 1468 a
848 1417 941 1469 cibo.»

329 1506 391 1567 livi,
404 1507 416 1570 5
427 1506 466 1557 16.
485 1507 601 1558 Baiteros
611 1507 639 1556 11
649 1506 692 1558 eri.
705 1506 775 1570 Lips.
787 1506 869 1569 addit,
882 1520 914 1557 er
933 1507 988 1557 iae.
1005 1505 1127 1558 Gronorii
1144 1504 1308 1569 coniectura,
1322 1502 1362 1557 Coi

299 1596 366 1647 inter
379 1618 390 1641 «
403 1596 508 1648 inferias
519 1597 639 1648 adierunt
652 1618 662 1641 ι
677 1600 826 1662 6166611111,
839 1597 884 1648 uhi
896 1597 970 1649 codd.
983 1596 1079 1648 babent
1092 1597 1143 1650 cui.

329 1685 404 1749 livii,
417 1685 482 1751 516.
500 1686 591 1737 Omisit
603 1686 719 1738 Baiteros
731 1699 786 1736 roc.
799 1687 851 1737 dcte
862 1694 921 1750 post
934 1708 944 1731 «
958 1700 991 1738 ne
1003 1687 1122 1752 Nympha
1135 1699 1164 1747 a:
1184 1685 1279 1737 veliem
1295 1684 1361 1736 idem

298 1774 402 1825 iecisset
414 1780 486 1838 post:
502 1774 607 1825 «iovem
619 1780 645 1824 et
657 1775 800 1838 Neptunum
811 1795 821 1818 ι
836 1775 869 1826 de
881 1774 1361 1839 1166116616,616166611611111111161.

330 1864 394 1927 xix,
408 1864 469 1927 550.
487 1863 675 1914 verisimillima
687 1863 788 1914 vitietur
799 1864 904 1928 Kayseri
915 1865 1077 1928 conjectura:
1092 1885 1102 1908 ι
1116 1863 1170 1915 Leo
1181 1862 1296 1915 anticum
1309 1883 1321 1907 ι
1332 1891 1361 1899 -

300 1953 394 2017 Legam
405 1965 464 2002 cum
473 1952 531 2003 cod.
544 1953 572 2003 C.
585 1952 718 2011 molestior,
732 1965 778 2016 pro
790 1951 859 2016 vulg.
872 1952 932 2003 lect.
943 1952 1068 2004 molentun.

331 2040 408 2104 iiiiii,
420 2041 432 2104 5
443 2041 483 2091 56.
501 2041 619 2092 Fortasse
631 2041 784 2105 legendum:
799 2062 809 2085 ι
823 2048 929 2105 quartus
941 2045 1025 2092 autem
1037 2041 1086 2091 olio
1097 2046 1171 2100 uatus
1184 2060 1208 2103 ι,
1219 2040 1277 2091 scii.
1290 2041 1363 2102 iove,

300 2130 415 2193 proleet.
429 2130 676 2193 corruptacodicnm
688 2130 811 2181 memoiio.
1321 2177 1325 2184 .

230 2288 233 2291 ἢ
330 2217 508 2282 xxiii-xxiv,
521 2219 546 2282 55
557 2218 645 2270 66-61.
662 2219 717 2269 iam
729 2219 828 2283 pridem
841 2220 939 2270 monuit
950 2218 1064 2271 Olivetus
1074 2219 1116 2270 bic
1128 2218 1252 2270 6161111116
1267 2218 1363 2270 seriem

300 2317 453 2373 praepostera
465 2309 649 2360 sententiarum
662 2310 847 2374 permutatione
861 2310 986 2361 turhatam
1002 2322 1075 2371 esse;
1087 2310 1171 2374 itaque
1188 2310 1296 2372 primam
1308 2310 1321 2373 5
1332 2309 1362 2360 61

298 2398 467 2456 sententiam:
480 2418 492 2445 a
506 2399 570 2450 Num
582 2411 673 2450 censes
684 2400 762 2465 igitur
773 2400 908 2451 subtiliore
920 2400 1018 2451 mtioue
1030 2410 1095 2463 opus
1106 2411 1164 2450 esse
1174 2398 1207 2449 ad
1219 2398 1275 2449 baec
1287 2398 1364 2450 retel-

300 2488 374 2539 leuda
388 2509 411 2552 ·,
424 2496 482 2555 post
500 2489 576 2540 verba
589 2489 601 2552 5
612 2489 659 2541 60:
674 2510 684 2533 ι
698 2502 820 2553 quorsum
835 2490 947 2555 quidque
963 2489 1125 2553 pertineat»,
1138 2488 1275 2538 transtulit.
1291 2487 1364 2549 Quod

300 2580 423 2632 monitum
434 2580 590 2644 posteriores
602 2580 717 2631 editores
729 2593 862 2644 perperam
875 2580 914 2631 vel
926 2579 1094 2643 neglexerunt
1101 2579 1141 2630 rei
1152 2579 1283 2642 aspernati
1293 2586 1362 2630 suut.

299 2670 360 2720 hlibi
372 2684 432 2721 vero
444 2670 527 2720 iocum
539 2671 661 2722 attentius
672 2670 846 2720 consideranti
866 2669 939 2720 uicus
954 2668 1056 2733 gratius
1074 2668 1156 2719 visum
1172 2673 1229 2730 est;
1247 2667 1363 2734 illudque

299 2761 407 2823 geminae
426 2759 599 2811 translationis
614 2772 664 2823 ope
682 2758 766 2809 sanari
783 2770 858 2821 posse
876 2759 1001 2809 arbitror:
1015 2759 1044 2821 o)
1061 2756 1230 2809 sententiam:
1244 2775 1257 2801 ι
1271 2758 1320 2809 sed
1331 2771 1363 2810 eo

300 2848 349 2898 iam
362 2848 428 2898 unde
440 2848 490 2898 buc
501 2847 612 2911 digressi
623 2860 719 2905 sumus,
732 2854 891 2898 revertamur
899 2867 922 2910 ι,
930 2846 956 2896 11
969 2845 1019 2896 flue
1030 2847 1042 2910 5
1053 2845 1094 2906 61,
1103 2852 1161 2909 post
1171 2844 1266 2895 verba:
1279 2857 1362 2909 cqua-

299 2937 337 2988 166
349 2944 376 2988 11
388 2950 434 2987 eos
445 2936 550 2988 essenis
560 2958 570 2983 ι
585 2935 736 2989 transieram
746 2951 754 2997 ;
767 2937 794 2999 6)
806 2936 907 2988 iocum:
918 2957 928 2980 «
938 2936 992 2986 inm
999 2943 1121 2997 mentem,
1130 2933 1307 2997 fldem,spem.
1318 2970 1325 2982 .
1337 2969 1361 2983 ..

299 3041 356 3091 quae
367 3028 442 3092 digna
459 3035 529 3079 certe
547 3041 599 3080 non
612 3034 672 3078 sunt
690 3028 740 3079 deo
754 3047 776 3089 ι,
788 3027 815 3076 11
827 3025 953 3091 principio
971 3024 1086 3089 ejusdem
1105 3023 1170 3091 564,
1190 3029 1248 3087 post
1264 3022 1361 3074 uerba:

301 3138 312 3159 a
325 3124 500 3168 consecratam
512 3115 628 3168 videmus
642 3136 664 3179 ι,
679 3124 850 3180 transponam.
863 3114 995 3175 Quoniam,
1007 3114 1034 3164 iu
1046 3112 1073 3179 55
1084 3112 1116 3178 66
1126 3111 1204 3171 6163,
1215 3111 1364 3176 dennoagi·

301 3213 342 3256 tur
353 3206 385 3257 de
398 3206 551 3258 enodatione
562 3205 702 3266 nominum,
715 3204 771 3256 scii.
784 3204 817 3254 de
829 3202 1049 3267 interpretatione,
1068 3214 1120 3252 non
1137 3200 1275 3252 revertitur
1291 3200 1362 3252 cotta

301 3308 350 3346 nuc
361 3295 429 3346 unde
441 3295 573 3359 digressus
584 3301 640 3356 est;
653 3306 709 3358 qnae
719 3293 848 3356 dicuntur,
866 3293 892 3343 in
904 3293 916 3355 5
927 3292 968 3351 61,
985 3292 1017 3343 de
1032 3297 1129 3354 mente,
1146 3289 1206 3352 ilde,
1223 3302 1282 3354 spe,
1298 3296 1362 3354 ete,

299 3384 362 3434 nibil
374 3384 459 3435 valent
470 3384 503 3435 ad
514 3382 654 3436 refellenda
665 3383 720 3433 baec
731 3389 876 3433 commenta
888 3381 980 3446 quihus
991 3379 1154 3439 contmdicit,
1165 3378 1212 3429 sed
1220 3377 1295 3429 166116
1302 3391 1364 3429 oon·

298 3480 435 3525 nectuntur
446 3485 503 3523 cum
520 3471 552 3524 iis
563 3485 619 3537 qnae
630 3472 663 3523 de
674 3471 761 3532 Fabri,
774 3470 885 3531 Othona,
898 3477 959 3531 etc,
972 3468 1150 3532 enunciantur,
1162 3474 1188 3519 et
1199 3480 1259 3518 cnm
1274 3466 1362 3519 uerbis

298 3564 392 3628 quihus
403 3563 501 3614 orditur
512 3564 525 3626 5
536 3563 583 3623 61;
595 3562 698 3614 «omnis
709 3562 787 3627 igitur
798 3562 877 3612 talisa
886 3560 1046 3626 philosophia
1057 3560 1166 3624 pellatur
1174 3571 1247 3610 error
1256 3577 1279 3608 ι.
1293 3558 1362 3610 era-

298 3661 368 3704 terea
380 3653 484 3705 verbim
494 3653 539 3704 sed
552 3666 584 3704 eo
594 3652 645 3702 iam
657 3651 724 3703 unde
732 3651 782 3703 buc
794 3651 905 3716 digressi
916 3658 1169 3702 sumusrevertamur
1178 3667 1201 3712 a,
1213 3654 1362 3712 616611616-

300 3744 346 3797 tuli
357 3750 415 3808 post
426 3743 504 3795 uerba
518 3743 626 3808 «quales
637 3749 665 3793 16
677 3754 722 3793 eos
733 3754 790 3793 esse
804 3741 842 3793 uis
854 3760 877 3801 1,
890 3740 1012 3792 transitus
1024 3738 1052 3791 iit
1062 3740 1095 3791 ad
1107 3752 1199 3790 nouam
1209 3737 1362 3802 disputatio-

299 3835 340 3886 nis
354 3840 462 3899 partem.

330 3924 404 3986 xilv,
416 3924 429 3987 5
440 3923 480 3973 61.
498 3923 588 3973 hiirum
600 3922 626 3972 11
638 3922 740 3973 modum
752 3920 907 3973 dissentiunt
925 3919 1000 3971 codd.
1017 3918 1134 3983 Plerique
1152 3918 1249 3970 babent
1262 3938 1273 3963 «
1286 3916 1363 3970 dicati

299 4026 346 4074 usn
358 4012 440 4077 ignais
454 4012 542 4063 »61116
561 4013 588 4062 B.
603 4032 613 4055 ι
627 4012 741 4062 dicamus
752 4011 828 4075 digna
846 4010 887 4060 dis
899 4030 922 4069 ιι,
934 4010 999 4061 alius
1011 4009 1042 4059 Ε.
1057 4028 1066 4051 ι
1081 4008 1195 4060 dicamus
1213 4007 1314 4071 dignais
1328 4007 1361 4059 de

299 4104 344 4167 dys
358 4124 380 4165 ι,
392 4103 456 4152 alius
470 4122 481 4146 ι
494 4102 569 4153 dicaii
581 4115 629 4152 usu
640 4102 772 4166 loquamur
785 4120 796 4143 ι
816 4101 895 4163 unde,
908 4107 965 4163 post
977 4099 1044 4150 varia
1057 4098 1204 4149 criticorum
1212 4099 1362 4158 tentamina,

299 4194 408 4258 iladvig.
416 4192 585 4254 conjiciebat:
600 4191 734 4245 «dicamus
746 4191 849 4256 indigua
861 4191 956 4242 caturia
968 4189 1153 4242 immortalibus
1162 4189 1360 4251 116111166οά1-

298 4297 343 4336 ces
353 4283 397 4348 qui
409 4282 503 4334 hahent
515 4281 597 4344 11966,
610 4282 668 4346 quia
680 4285 709 4331 ut
719 4282 752 4332 ad
764 4280 818 4331 talia
830 4279 921 4330 1616111
933 4285 1022 4331 661661
1032 4279 1059 4329 11
1067 4277 1152 4342 priore
1158 4277 1293 4328 sententiae
1300 4290 1361 4341 pur-

297 4380 339 4437 te;
351 4373 467 4425 liniterns
477 4371 511 4422 ita
522 4371 613 4423 scribit
625 4372 651 4422 in
663 4370 723 4422 edd.
735 4371 794 4421 Tur.
808 4378 835 4422 et
851 4370 932 4435 Lips,
944 4369 991 4420 sed
1007 4368 1078 4421 malit
1090 4368 1181 4420 animia
1194 4381 1241 4434 pro
1252 4367 1356 4420 mlada.
