3325 5159
547 576 588 631 ltu
602 588 716 632 rtnrous
730 588 866 632 aonouun
882 576 912 643 V,
929 588 1007 645 1-ru‚
1023 576 1099 632 3-18.

673 942 783 1007 11111Εῆ
808 942 979 1021 QUINTUS

759 1146 890 1153 --Μ

328 1324 346 1383 1,
359 1324 373 1385 5
384 1324 408 1372 3.
421 1322 601 1373 Valckenarius
611 1323 642 1372 ad
655 1323 844 1379 sallimaclrum.
858 1339 882 1387 p.
895 1324 955 1385 atti,
969 1324 1055 1388 legere
1068 1326 1167 1376 volcbal
1180 1341 1186 1376 t
1207 1345 1218 1370 o
1231 1329 1360 1380 Coloneus

297 1411 339 1459 ille
353 1411 422 1459 latens
437 1430 462 1473 ·‚
476 1424 522 1472 pro
534 1411 617 1469 iocus;
635 1411 736 1472 melius,
749 1412 850 1475 opinor,
871 1412 1093 1475 regemlandus,
1106 1416 1225 1479 qrrouiam
1242 1419 1359 1481 sequitur

297 1512 352 1548 roc.
364 1499 458 1555 incolo,
476 1500 543 1562 quod
556 1513 606 1548 uou
620 1500 652 1548 ad
665 1500 749 1547 laecum
766 1499 856 1549 referri
871 1507 963 1562 potest.

328 1586 356 1648 11,
374 1588 421 1649 54.
434 1588 561 1648 Balteus,
582 1596 701 1637 mouente
715 1588 849 1651 Madrtgm,
869 1590 950 1639 edidit
969 1590 1120 1651 Carneadia,
1144 1599 1232 1642 contra
1253 1594 1360 1645 codices

295 1676 338 1739 qui
366 1676 426 1725 daut
459 1675 606 1727 Carneadea.
642 1676 831 1726 Correctiouem
865 1677 958 1727 valesii
988 1678 1098 1741 legentis
1121 1679 1288 1744 Charmadas,
1326 1683 1360 1731 al)

296 1764 415 1814 Ernestio
440 1764 473 1814 ad
489 1764 609 1814 Orellium
628 1778 708 1828 usqne
727 1766 877 1825 admissam,
902 1767 993 1817 merito
1010 1768 1113 1831 rejecit,
1140 1775 1245 1820 auctore
1268 1773 1361 1820 eodem

296 1855 401 1917 egregio
415 1854 513 1904 critico.
526 1882 556 1890 —
569 1855 617 1916 56.
634 1855 739 1917 Legitur
757 1855 783 1903 iu
800 1855 890 1905 codice
902 1856 920 1904 B
939 1857 1006 1906 aonia
1017 1871 1061 1907 aen
1073 1858 1135 1919 ijia,
1152 1859 1220 1909 unde
1239 1858 1360 1910 ellectum

297 1951 338 1994 est
351 1959 358 1991 z
378 1943 528 2003 epulareris,
548 1943 616 2006 qrrod
628 1957 674 1993 uec
686 1944 791 1993 auribus
803 1958 851 1993 nec
864 1946 998 1996 sententia:
1009 1946 1145 2005 satisfacit,
1161 1960 1217 2011 quae
1229 1948 1270 1999 hic
1283 1949 1361 1999 etiam

297 2033 381 2095 poscit
390 2032 465 2085 aelia:
481 2034 566 2096 itaque
578 2033 675 2095 legam:
697 2056 706 2077 ι
721 2040 749 2083 ιιι
761 2046 825 2096 qaros
837 2035 947 2092 nouisse,
966 2049 1007 2084 eos
1018 2037 1094 2085 etiam
1112 2036 1205 2086 imitari
1218 2037 1282 2087 uelis
1296 2058 1317 2087 ».
1329 2063 1361 2076 -

298 2122 405 2172 Prorsus
421 2121 550 2172 abundare
566 2130 592 2171 et
607 2121 694 2183 inepte
712 2122 843 2172 abundare
865 2132 954 2173 censet
972 2124 1112 2188 Madvigius
1137 2137 1235 2189 «qrrem
1253 2126 1360 2188 andus,

299 2218 356 2273 post
375 2210 536 2270 Antiochum,
562 2218 588 2260 et
608 2210 751 2272 suspicatur
769 2211 918 2261 Ciceronem
940 2213 1098 2274 scripsisse:
1125 2228 1225 2277 eqttttm
1243 2216 1317 2265 audis
1331 2236 1361 2274 »‚

298 2300 365 2364 quod
377 2299 451 2349 laclle
460 2300 600 2349 admittam.
743 2329 751 2346 t
1222 2337 1225 2342 i

330 2389 370 2446 tv,
383 2389 394 2450 5
405 2388 431 2437 9.
449 2388 540 2437 Balius
559 2388 598 2438 tad
611 2388 664 2438 Cic.
676 2390 708 2438 de
720 2389 799 2452 tegg.
818 2403 842 2452 p.
855 2390 911 2453 151)
930 2390 1038 2442 delenda
1050 2399 1138 2442 censet
1157 2392 1203 2441 tria
1217 2389 1271 2442 lraec
1283 2406 1362 2443 roca·

299 2477 373 2526 lrula:
387 2496 398 2519 a
411 2485 439 2526 ut
450 2477 550 2540 poetice
563 2477 688 2539 loquar»,
701 2477 772 2540 quasi
785 2477 817 2526 alr
828 2478 909 2528 aliena
923 2492 997 2528 mauu
1009 2480 1149 2542 adscripta.
1171 2480 1240 2530 idem
1252 2493 1359 2531 causeo.

302 2567 353 2627 --5
368 2566 403 2615 lii.
417 2565 507 2614 Merito
520 2565 612 2615 Balius
629 2565 723 2622 (Schol.
738 2567 800 2629 llyp.
815 2565 845 2624 ΙΙ,
858 2566 871 2629 5
883 2566 923 2628 96)
942 2568 1078 2629 legendum
1092 2580 1149 2617 esse
1161 2575 1263 2618 monet:
1279 2590 1290 2613 «
1304 2570 1362 2620 dis-

298 2653 402 2703 serendi
416 2667 512 2717 quoque
527 2674 554 2710 »‚
574 2666 620 2715 pro
632 2655 819 2717 disserendique.
834 2681 862 2688 -
876 2656 887 2717 5
902 2656 938 2703 ll.
957 2655 1052 2717 Opiuor
1064 2655 1199 2719 legendum
1211 2668 1287 2705 esse:
1304 2676 1313 2698 ι
1328 2657 1361 2707 ad

298 2742 401 2803 priuatae
415 2741 484 2801 ritae,
498 2741 543 2791 sed
556 2741 675 2791 etiamad
689 2755 773 2793 rerum
787 2742 943 2805 publicarum
954 2744 1075 2793 retinerem
1088 2744 1165 2794 relata
1181 2765 1201 2791 ι.
1218 2745 1290 2794 Coni.
1303 2752 1357 2794 not.

298 2831 329 2879 ad
344 2830 451 2892 lV56l.

330 2921 359 2982 V,
372 2921 384 2983 5
397 2922 436 2970 11.
452 2920 545 2983 begam
557 2933 615 2969 cum
628 2921 745 2970 Bremia:
764 2940 774 2963 ι
789 2933 915 2970 summum
928 2922 995 2972 euim
1009 2922 1102 2972 bonum
1114 2936 1166 2971 esse
1177 2924 1260 2987 pararit
1270 2941 1296 2980 a,
1315 2936 1362 2984 pro

299 3009 419 3072 exposuit.
431 3034 461 3045 -
473 3009 552 3058 Velim
565 3000 667 3071 legere:
690 3007 840 3059 «Critolaus
857 3009 951 3059 imitari
971 3010 1050 3060 voluit
1067 3010 1201 3073 antiquos,
1219 3010 1306 3074 quibua
1321 3018 1363 3061 est

299 3098 423 3162 gravitate
435 3098 581 3161 proximus,
601 3098 644 3147 sed
654 3099 779 3149 redundat
791 3099 888 3149 oratio:
900 3112 930 3148 ac
943 3106 1026 3148 tamen
1039 3112 1071 3148 ne
1083 3099 1105 3148 is
1117 3099 1220 3162 quidem
1233 3099 1258 3148 in
1272 3099 1363 3161 patriis

300 3189 423 3239 institutis
435 3198 520 3238 rnanct
534 3208 555 3235 ι.
569 3188 641 3237 Prius
652 3190 759 3252 quidem,
773 3201 818 3250 pro
830 3202 881 3251 qrro
893 3188 982 3250 scripsi
995 3189 1092 3252 petilia,
1105 3196 1180 3238 uocet
1189 3189 1324 3251 posteriori
1336 3189 1363 3239 in

300 3278 410 3327 lectione
423 3277 533 3340 vulgata,
546 3285 571 3325 et
585 3277 669 3327 obstat
681 3276 841 3326 similitudini
852 3276 954 3326 Critolai
967 3290 1024 3326 cum
1037 3278 1198 3340 Hieronymo.

331 3366 379 3428 Vl,
396 3366 459 3429 5l5.
483 3366 580 3415 lbesse
602 3372 686 3427 potest
703 3379 789 3414 rerum
809 3372 866 3427 post
890 3378 1020 3428 «quaque
1039 3378 1125 3415 carram
1139 3380 1169 3426 ις
1192 3365 1318 3416 omittitur
1337 3366 1363 3415 in

298 3455 374 3505 codd.
387 3454 406 3503 B
418 3454 449 3504 lt.
461 3482 492 3490 -
509 3454 523 3519 5
546 3453 582 3503 16.
602 3454 720 3503 Fortasse
738 3453 835 3503 Tullius
851 3453 1004 3516 scripserat:
1027 3453 1094 3503 «tlte
1110 3454 1175 3503 enim
1191 3453 1254 3504 vidit
1269 3472 1296 3512 »,
1316 3467 1363 3515 pro

299 3545 385 3607 igitm,
397 3544 465 3606 quod
477 3542 568 3593 melius
580 3542 728 3592 conueniret
739 3555 797 3591 cum
812 3542 995 3592 seoterttlarum
1015 3542 1092 3591 serie.
1102 3567 1133 3579 -
1148 3542 1161 3604 5
1172 3544 1211 3591 17.
1229 3541 1365 3592 abundant

300 3634 395 3683 rerba:
410 3632 491 3696 aquid
503 3632 620 3682 ultimum
635 3652 656 3681 ι.

330 3721 381 3784 Vll,
394 3719 460 3785 518.
476 3720 586 3779 Tullius,
605 3720 631 3769 in
646 3720 694 3769 line
715 3720 733 3783 5t
746 3720 792 3778 te,
805 3733 855 3769 non
867 3726 985 3770 recenset
998 3719 1164 3783 philosophos
1175 3718 1219 3783 qui
1230 3718 1305 3768 simul
1318 3730 1364 3767 vo·

300 3810 422 3872 luptatem
434 3815 554 3872 appetant
566 3816 592 3858 et
603 3808 718 3859 dolorem
730 3807 875 3870 depellaut3
887 3821 935 3859 uec
943 3807 1015 3857 iacilc
1027 3807 1156 3871 intelligas
1167 3806 1227 3870 quid
1240 3806 1274 3856 sit
1285 3806 1365 3855 uscire

299 3899 446 3948 vacuantem
457 3897 564 3956 doloria;
577 3896 661 3961 itaque
674 3896 790 3957 suspicor
801 3896 928 3959 geminam
940 3896 1073 3946 sententiae
1081 3895 1186 3945 sormam
1199 3896 1224 3943 in
1238 3894 1363 3957 principio

302 3987 378 4050 hujus
396 3989 415 4050 51
427 3988 521 4046 latere,
541 3994 707 4049 nostrumque
723 3993 854 4037 auctorem
873 3986 943 4049 prius
958 3986 1112 4048 scripsisse:
1133 3984 1300 4046 «Voluptatis
1318 3983 1364 4032 alii

301 4077 410 4140 primum
425 4076 564 4139 appetitum
577 4081 682 4138 putant,
701 4074 745 4123 eiii
763 4074 868 4137 primam
880 4075 1057 4138 depulsionem
1069 4074 1165 4124 doloris
1179 4087 1205 4133 »;
1223 4081 1250 4123 et
1267 4072 1362 4123 deiude

301 4166 442 4217 orationem
454 4165 491 4214 sic
503 4164 661 4215 mutavisse:
681 4183 691 4205 ι
706 4163 861 4227 Voluptatem
877 4163 921 4212 alii
935 4170 1043 4214 censent
1061 4162 1169 4225 primum
1179 4162 1301 4221 ascitam,
1321 4161 1365 4210 elii

302 4254 410 4318 primum
429 4252 582 4304 declinatum
600 4253 714 4304 dolorem
729 4266 756 4313 »3
781 4253 849 4303 unde
868 4252 1002 4303 obscuram
1020 4251 1158 4316 falsamque
1177 4251 1364 4302 sententiarum

302 4355 451 4407 compagem
463 4341 602 4391 hatrseruut
614 4341 694 4405 inepti
708 4340 820 4400 librarii,
832 4353 889 4403 quae
900 4340 1021 4391 hactenus
1033 4340 1058 4391 in
1071 4339 1145 4390 libris
1156 4339 1258 4391 mansit.
1278 4339 1365 4389 Alter-
