3325 5159
297 575 333 632 36
362 630 369 644 ,
522 574 563 632 Da
578 587 692 633 sturnus
706 585 844 632 nononntt
858 574 908 646 iil,
923 586 1018 645 vin-x,
1032 573 1129 632 ιιι-35.

298 718 374 768 modo
390 723 416 767 et
432 728 592 782 consequens
610 717 748 780 putandum
767 725 823 779 εει,
843 717 911 780 qnod
929 716 966 766 ilii
984 713 1196 790 ἐπιγειιηματικόι
1210 717 1355 780 appeliant:
1413 744 1416 752 ·

297 811 353 848 cum
372 805 456 848 autem
476 800 501 848 in
521 813 572 863 quo
590 800 719 861 sapienter
732 796 875 866 [dicimus]
897 801 955 850 ida
976 801 1057 863 primo
1076 800 1219 851 rectissime
1231 801 1355 853 diciturn

300 907 309 928 ι
324 886 431 938 Omnino
442 888 521 947 enim,
533 889 569 937 ait
580 888 690 938 eximius
701 887 823 941 criticos.
836 889 890 938 baec
903 888 950 939 boc
963 889 1020 939 ioco
1031 890 1116 939 minus
1126 890 1261 939 commode
1281 890 1358 953 posita

299 982 325 1023 et
337 974 420 1037 potius
431 988 489 1024 cum
500 975 551 1025 iilis
568 988 625 1039 quae
643 975 655 1037 ξ
667 974 698 1024 at
714 975 905 1037 explicabantur
920 976 1097 1040 conjungenda
1117 974 1195 1026 luisse
1206 976 1326 1027 videntur
1338 997 1358 1025 ι.

299 1063 368 1113 Unde
386 1063 499 1126 suspicio
518 1063 599 1114 oritur
612 1064 809 1125 perturbationis
828 1064 966 1114 admodum
982 1072 1087 1115 vetustae
1104 1064 1131 1113 in
1150 1064 1254 1127 optimis
1271 1065 1358 1114 borum

299 1152 420 1202 librorum
432 1150 579 1213 codicibus,
594 1165 651 1216 quae
668 1151 707 1200 rix
724 1152 756 1202 ad
775 1152 926 1214 scriptorem
947 1152 1030 1215 ipsum
1043 1153 1171 1215 pertinere
1185 1152 1274 1215 possit.
1287 1153 1361 1203 'iacet

300 1240 424 1290 balterus.
439 1266 463 1276 -
485 1240 537 1301 Qua
557 1240 721 1291 translatione
738 1240 802 1290 lacta
821 1242 913 1291 melius
928 1241 1078 1305 intelligitur
1089 1254 1168 1305 quare
1186 1242 1291 1305 scripsit
1302 1242 1362 1291 Tul·

300 1328 349 1378 lius
362 1344 369 1376 ε
383 1349 394 1371 ι
409 1336 435 1378 et
446 1336 529 1378 tamen
542 1338 582 1379 est
593 1330 668 1378 ctiam
686 1329 735 1378 olio
752 1343 811 1379 cum
830 1330 871 1379 iris
889 1330 951 1393 ipsis
969 1331 1067 1381 artibus
1081 1331 1211 1393 sapientiae
1229 1330 1363 1381 dissimili-

301 1417 393 1475 tudo»,
413 1430 528 1479 proquo
547 1417 662 1466 Bremius
681 1417 767 1480 legere
785 1417 886 1468 volebat
905 1419 999 1483 utiquo.
1022 1446 1052 1456 -
1071 1420 1162 1470 Ultima
1174 1420 1201 1481 §r
1219 1420 1361 1470 sententia:

300 1526 313 1552 ι
326 1507 384 1557 Sola
396 1507 463 1557 enim
475 1506 598 1570 sapientia
610 1507 636 1556 in
648 1520 677 1558 se
691 1514 744 1558 tota
755 1521 879 1559 conversa
891 1516 947 1571 est,
961 1510 1027 1572 quod
1041 1508 1108 1558 idem
1120 1509 1146 1557 in
1158 1509 1253 1559 ceteris
1264 1509 1364 1559 artibus

302 1597 330 1648 lit
339 1617 361 1658 ι,
374 1598 475 1648 videtur
486 1598 562 1647 etiam
576 1596 665 1649 reterri
676 1598 709 1648 ud
721 1610 750 1647 ca
764 1611 846 1661 quaea
859 1600 870 1661 i
887 1598 918 1650 32
928 1599 1061 1661 desumpta
1074 1604 1148 1660 sunt,
1161 1607 1187 1648 et
1203 1598 1291 1661 aptius
1302 1611 1361 1649 con·

301 1686 381 1737 cludit
392 1700 449 1751 quae
460 1687 492 1737 de
504 1687 711 1738 dissimilitudine
728 1688 860 1751 sapientire
876 1694 902 1738 ει
917 1688 1009 1737 artium
1027 1696 1086 1738 sunt
1104 1687 1180 1738 dicta.
1192 1714 1223 1725 -
1240 1686 1302 1750 §25-
1316 1688 1364 1737 iir-

304 1776 402 1826 uestius
414 1776 580 1826 omittendam
596 1789 654 1826 esse
670 1783 759 1826 censet
779 1776 925 1839 particulam
937 1781 976 1834 ct,
991 1784 1049 1825 ante
1067 1795 1078 1819 ι
1092 1783 1121 1825 ιι
1133 1776 1216 1826 omniu
1226 1795 1248 1838 »,
1261 1776 1303 1825 cui
1315 1776 1366 1827 ob·

303 1864 454 1926 temperavit
466 1863 591 1924 Oreliius‚
612 1872 736 1914 renuente
749 1864 890 1927 Madvigio;
909 1865 1028 1928 equidem
1042 1864 1188 1915 Ernestium
1204 1877 1306 1927 sequar,
1317 1866 1365 1915 sed

303 1951 452 2002 transierum
466 1951 542 2001 rerba
559 1974 567 1992 ·
582 1960 608 2002 et
622 1953 744 2002 iustitiam
754 1974 776 2003 ι.
789 1959 870 2015 post·
885 1953 1009 2016 sapientia
1021 1953 1089 2003 eninr
1098 1967 1128 2013 »3
1142 1959 1194 2002 tum
1220 1960 1268 2002 «ut
1280 1954 1366 2003 omnia

304 2018 369 2103 qnae,
382 2046 434 2090 etc.
445 2058 458 2085 ι
470 2039 581 2089 reicrtor
591 2041 622 2090 ad
634 2040 711 2090 animi
724 2039 991 2105 magnitudinem-5
1002 2040 1042 2091 io.
1056 2042 1154 2105 begere
1166 2041 1267 2090 malim:
1279 2062 1288 2085 ι
1301 2042 1365 2092 Cum

303 2130 440 2180 outemboc
451 2131 485 2180 sit
496 2137 638 2179 extremum
650 2150 671 2186 ι,
684 2144 730 2192 pro
742 2149 755 2173 ι
763 2144 819 2179 cnm
828 2132 903 2190 enim,
916 2138 966 2180 ιιι.
978 2152 987 2172 ι
1001 2132 1119 2195 quoniam
1127 2131 1248 2193 deinceps
1260 2130 1365 2195 iegitur:

304 2220 507 2270 «sentisenim»
526 2227 553 2270 et
565 2219 638 2282 paulo
650 2219 714 2269 inira
728 2236 735 2267 ι
755 2239 767 2262 ι
782 2220 843 2269 Cum
855 2220 932 2283 igitur
945 2220 993 2271 lroc
1010 2220 1046 2270 sit
1058 2227 1142 2270 extr.»
1157 2212 1187 2257 -·'
1201 2220 1290 2283 Operae
1304 2229 1364 2283 pre-

305 2314 367 2363 tium
379 2322 419 2365 est
431 2314 472 2363 bie
482 2314 685 2365 animadvertere
697 2314 805 2364 Tullium
818 2314 932 2377 profiteri
943 2328 971 2365 se
984 2328 1071 2365 vocem
1084 2327 1193 2376 graecam
1203 2313 1268 2375 τέλος
1279 2315 1365 2364 inter·

305 2408 399 2469 pretori
412 2428 423 2451 «
438 2414 491 2458 tum
503 2414 660 2465 extremum,
674 2415 726 2457 tum
738 2408 872 2471 ultimum,
894 2416 946 2459 tum
965 2421 1091 2458 summum
1103 2422 1124 2468 »3
1145 2422 1194 2458 nou
1211 2421 1273 2471 erpo
1285 2407 1368 2457 utitur

303 2496 377 2546 simul
391 2496 430 2547 vel
442 2496 542 2547 dnobus
554 2497 594 2546 vei
607 2498 688 2547 tribus
705 2498 745 2548 bis
756 2498 858 2559 verbis,
878 2506 905 2547 nt
921 2511 988 2560 saepe
1001 2498 1093 2561 iegitur
1105 2497 1181 2546 bisin
1196 2495 1277 2545 libris.
1292 2494 1365 2546 Cous.

305 2600 361 2649 quae
372 2586 483 2637 diximus
494 2586 525 2635 ad
538 2586 595 2635 Lib.
609 2587 628 2649 i,
641 2587 653 2649 ξ
665 2588 704 2636 tt.
714 2614 743 2623 -
756 2586 850 2637 Omitto
862 2600 920 2638 curn
934 2586 1037 2637 bavisio
1048 2586 1186 2644 rhetorice,
1199 2586 1267 2649 quod
1281 2592 1368 2635 tuetur

307 2674 428 2739 Madvig„
442 2674 525 2725 Baiter
535 2674 647 2724 inclusit.

336 2766 399 2826 Viii,
412 2764 475 2828 528.
488 2762 598 2814 Offendit
610 2764 737 2814 immerito
749 2764 858 2828 Madvig.
871 2765 896 2814 in
909 2764 1116 2827 conjunctivum:
1132 2765 1218 2829 «quod
1231 2766 1370 2829 conposuit

303 2855 352 2904 nisi
371 2856 490 2905 honestae·
505 2854 561 2903 ritae
579 2854 635 2903 iure
651 2853 842 2918 contingere»,
862 2854 904 2917 qui
923 2855 1034 2906 debetur
1052 2854 1160 2918 obliquae
1179 2854 1304 2915 orationi;
1326 2854 1368 2905 rix

305 2945 425 2995 exhibeat
436 2944 578 3007 exemplum
591 2944 722 2994 indicativi
742 2944 766 2993 in
785 2944 862 2994 simili
873 2945 1017 2995 occasione.
1038 2944 1107 2995 idem
1119 2944 1255 2995 dicendum
1267 2944 1299 2995 de
1311 2943 1369 2995 loco

305 3035 364 3086 iibri
375 3034 416 3096 itt,
429 3035 442 3100 ς
453 3036 492 3085 50.
505 3062 536 3071 -
555 3034 711 3084 Alterutrum
729 3035 778 3085 uita
797 3021 888 3085 abesse
908 3042 992 3096 potest
1008 3034 1032 3083 in
1053 3035 1199 3085 sententia:
1215 3056 1224 3077 ι
1240 3035 1274 3085 ita
1293 3034 1323 3084 tlt
1341 3044 1370 3086 ut

305 3125 412 3175 honesta
425 3124 474 3174 vita
487 3123 560 3173 beata
573 3124 622 3172 vita
631 3123 665 3172 sit
678 3141 700 3171 ·.
714 3123 797 3172 ilaris.
810 3122 945 3173 omittebat
955 3123 1092 3185 posterius.
1104 3150 1134 3160 -
1146 3122 1160 3186 ᾖ
1172 3122 1212 3171 29.
1225 3120 1367 3173 Additmc·

307 3216 355 3265 rito
367 3214 507 3277 Madvigius
520 3226 656 3276 numquam
667 3219 726 3261 ante
738 3225 897 3275 quemquam,
909 3224 985 3275 quem
997 3211 1112 3275 sequitur
1124 3213 1284 3262 Baitems.—
1293 3211 1370 3261 Lam-

307 3305 394 3354 binum
406 3314 498 3365 sequar
509 3301 552 3364 qni
565 3301 590 3349 in
603 3301 716 3364 margine
730 3301 909 3362 repetitionum
922 3308 1010 3350 monet
1023 3301 1087 3351 alios
1103 3301 1188 3365 legere
1202 3316 1208 3349 ι
1230 3322 1241 3343 ι
1253 3300 1370 3368 idemque

307 3405 365 3442 esse
377 3392 451 3441 beate
465 3392 550 3440 vivere
562 3397 588 3439 et
601 3389 717 3446 noneste,
731 3397 781 3439 etc.
798 3410 807 3432 ·

340 3481 381 3539 iii,
393 3481 405 3543 i
416 3480 456 3531 30.
472 3480 538 3530 Vere
548 3518 555 3541 ,
567 3479 667 3541 opinor,
686 3478 800 3529 balterus
812 3478 925 3528 restituit
937 3491 992 3543 ιιι
1003 3492 1034 3528 ιι
1047 3479 1104 3529 cod.
1117 3481 1147 3529 Α.
1160 3485 1220 3529 ante
1234 3493 1240 3526 :
1256 3500 1266 3521 «
1280 3471 1372 3543 qoamss

307 3583 382 3634 quam
395 3570 485 3620 vitiose
496 3570 599 3633 quidam
611 3569 693 3618 secuti
705 3575 764 3618 snnt
779 3589 799 3615 ».
820 3568 945 3618 Manutius
964 3568 1066 3632 legebat
1081 3582 1150 3633 qum.
1170 3568 1215 3617 i'n.
1230 3568 1369 3631 Bentleius‚

307 3658 348 3708 oni
361 3657 484 3714 Davisius,
497 3655 614 3714 Oreliius‚
627 3657 763 3720 obsequuti
776 3664 853 3719 sunt,
866 3655 967 3708 volebot
979 3670 1055 3721 quom
1067 3668 1216 3720 perperam,
1233 3665 1260 3706 ut
1274 3658 1372 3707 monuit

308 3746 448 3809 Madvigius
459 3747 502 3809 qui
513 3753 598 3795 servat
610 3760 714 3809 quou—
726 3745 787 3807 531.
801 3745 919 3795 Fortasse
930 3744 1066 3807 legendum
1080 3760 1087 3793 ε
1103 3744 1188 3805 «Quid
1200 3751 1286 3794 autem
1294 3755 1369 3807 aper*

309 3835 374 3887 tiusi
392 3836 458 3888 Num
476 3836 497 3886 si
516 3835 623 3885 selectio
626 3870 695 3887 .......
715 3834 817 3884 tolletur
828 3834 912 3885 omnis
928 3847 975 3896 ea,
994 3847 1050 3897 quae
1064 3841 1191 3897 queratur
1202 3833 1369 3897 tondeturque

307 3925 432 3975 sententia
444 3946 464 3972 ι.
473 3952 502 3959 -
515 3923 576 3988 532.
589 3924 696 3973 Primam
705 3924 780 3987 buJus
792 3924 819 3985 §i
829 3923 982 3973 sententiam
990 3934 1046 3985 quac
1054 3921 1094 3971 iric
1104 3921 1206 3971 minime
1214 3934 1272 3971 cum
1284 3921 1371 3984 proxi·

309 4016 357 4063 mis
368 4014 486 4078 congruit
496 4014 527 4063 ad
540 4012 554 4077 5
566 4012 598 4063 at
609 4012 792 4073 transtulimus,
804 4019 861 4074 post
875 4011 950 4061 verba
965 4026 971 4058 :
986 4031 996 4054 ι
1011 4010 1037 4060 id
1050 4018 1091 4060 est
1101 4010 1164 4060 artis
1174 4008 1276 4060 effectio
1291 4029 1313 4059 ·.

339 4103 453 4165 it‚§33.
473 4102 592 4152 Omittum
603 4115 660 4151 curu
677 4100 777 4151 Bremio
796 4114 851 4151 roc.
874 4104 971 4165 quarto.
986 4099 1111 4149 -Verba
1125 4114 1131 4147 ι
1151 4119 1161 4142 ι
1176 4098 1311 4149 collatione
1330 4109 1371 4147 ra-

310 4192 416 4254 tionis»,
430 4198 487 4254 post
501 4191 637 4241 «ascendit
647 4190 747 4240 animus
757 4211 781 4251 ι,
801 4196 893 4239 nocent
910 4188 1044 4240 sententiar
1055 4200 1112 4251 qum
1124 4188 1161 4237 sic
1173 4187 1248 4237 nimis
1260 4186 1372 4236 circum-

308 4279 438 4330 scribitur.
459 4279 551 4329 }iausta
569 4277 851 4341 suntesuperioribus.
871 4304 901 4312 -
921 4277 934 4341 ᾗ
953 4276 993 4327 35.
1013 4276 1117 4339 Legitur
1134 4275 1201 4338 apud
1221 4274 1370 4324 Balterum:

311 4370 425 4421 fiotum
437 4368 505 4419 bunc
517 4370 600 4419 lucum
614 4369 647 4418 de
658 4368 735 4418 animi
747 4365 980 4430 perturbationibus
992 4366 1077 4429 iuepm
1096 4364 1274 4428 interpositum
1284 4370 1374 4413 censet
