3325 5159
376 587 411 641 32
658 584 699 641 ilc
715 595 830 641 rrnteus
844 594 982 639 sonorum
998 582 1046 651 lll,
1063 595 1082 651 r,
1100 582 1159 638 l-i.

370 724 529 774 incluserunt
542 721 656 785 plerique
670 722 784 771 editores
793 721 968 781 recentiores;
981 721 1089 771 Goerenz
1101 728 1128 771 el
1140 720 1200 771 Otto
1211 720 1261 770 soli
1272 719 1442 794 sustulerunt,

371 813 465 875 (grillius
475 811 593 874 equidem
606 810 677 861 valde
689 810 825 862 assentior.
842 836 865 846 -
880 809 962 859 Verba
976 809 1164 873 «omnibusque
1177 809 1291 872 partibus
1303 809 1440 866 maiores»,
1459 810 1461 813 ’

371 913 427 961 qum
447 900 566 962 leguntur
582 899 649 947 inter
667 898 784 962 percipiet
801 906 828 948 et
841 912 915 961 prtum
927 912 1028 962 corpore
1040 898 1142 948 nimiam
1154 898 1317 949 sedulitatem
1331 898 1441 959 produnt

372 996 399 1037 ct
415 989 534 1038 videntur
551 987 752 1048 abundare-5
768 987 821 1037 lde.
838 987 980 1050 Madvigius
998 986 1182 1037 demonstravit
1200 998 1275 1050 quam
1287 985 1440 1036 inconcinne

372 1080 493 1142 procedat
516 1078 597 1127 oratio
619 1077 646 1125 ln
670 1077 717 1126 ltac
735 1076 881 1127 sententia:
897 1077 990 1136 «Quid,
1003 1077 1026 1128 si
1045 1078 1122 1127 etiam
1141 1077 1230 1127 bestlae
1242 1077 1320 1127 inulta
1334 1076 1438 1137 iaciunt,

370 1169 492 1217 ducesna
504 1178 611 1229 qrraeqne
622 1172 721 1223 natura,
734 1165 825 1227 partim
838 1165 1001 1228 indulgenter
1013 1165 1056 1215 rel
1065 1178 1122 1215 cum
1135 1164 1240 1225 labore3
1253 1171 1281 1214 nt
1292 1165 1318 1214 iu
1330 1166 1440 1227 gignen·
1503 1186 1505 1190 >

372 1256 415 1317 do,
428 1255 453 1303 in
466 1252 598 1303 educando
611 1251 731 1315 perfacile
742 1261 872 1315 appareat,
885 1253 954 1303 aliud
966 1252 1086 1316 quiddam
1098 1252 1130 1303 iis
1141 1252 1309 1315 propositum,
1324 1265 1375 1302 non
1392 1265 1440 1303 vo-

373 1344 511 1406 luptatem:
525 1342 616 1403 partim
627 1354 703 1391 cursu
716 1348 743 1391 et
755 1341 932 1405 peragratione
944 1342 1069 1403 laetantur,
1083 1348 1133 1391 etc.
1145 1362 1154 1384 ι
1168 1342 1247 1405 quod,
1265 1349 1293 1391 nt
1303 1342 1379 1399 solet,
1393 1354 1438 1392 ne·

371 1432 500 1497 gligentire
511 1431 642 1481 Ciceronis
654 1430 757 1491 tribuit;
770 1438 824 1480 tnm
837 1442 912 1493 quiam
934 1430 1027 1480 frustra
1039 1431 1105 1481 malo
1117 1430 1216 1481 mederi
1228 1430 1313 1481 conati
1325 1430 1438 1480 sintcri-

371 1521 414 1571 tici
436 1520 573 1579 indicavit;
587 1520 641 1583 ipse
660 1519 737 1568 eliam
756 1518 921 1581 conjecerat:
936 1539 946 1563 «
955 1518 1040 1583 portui
1058 1518 1253 1582 indulgentes·‚
1272 1518 1313 1568 cai
1331 1518 1437 1568 medelae

368 1609 445 1672 justis
460 1609 493 1678 de
512 1608 596 1657 marsis
615 1607 747 1657 valedixit.
768 1607 829 1657 lliiri
846 1620 907 1657 rcro
919 1607 1038 1670 displicet
1050 1607 1212 1670 negligentiae
1222 1607 1320 1657 crimen
1333 1613 1383 1655 lam
1397 1611 1438 1657 te·

370 1710 441 1747 inere
452 1697 534 1747 Tullio
546 1696 653 1757 illatum,
666 1703 693 1746 et
706 1695 912 1758 transpositionis
923 1708 973 1759 ope
984 1696 1086 1758 speravi
1098 1695 1238 1759 legitimum
1250 1694 1384 1745 sententiae
1395 1708 1438 1745 or·

369 1789 455 1837 dinem
479 1786 580 1836 restitui
604 1798 695 1848 posse;
709 1784 795 1848 itaque
818 1784 978 1835 membrum:
993 1784 1106 1847 «parlim
1128 1783 1292 1845 indulgenter
1315 1782 1354 1833 vel
1378 1795 1436 1833 cnm

370 1878 456 1927 labore
465 1896 487 1938 »,
501 1882 559 1938 post
571 1875 649 1924 verba
663 1887 733 1923 :non
747 1874 903 1936 voluptatem
914 1893 925 1917 ι
939 1872 1099 1934 transieram,
1108 1872 1146 1922 sic
1158 1872 1249 1923 leviter
1260 1872 1434 1921 immutatum:

369 1987 380 2018 r
392 1965 482 2027 partim
495 1964 650 2026 indagentur
661 1962 701 2011 vel
713 1976 771 2012 cum
784 1962 872 2013 labore
882 1980 904 2011 o.
918 1962 944 2012 Si
959 1962 1017 2026 quis
1028 1962 1129 2013 dubitet
1139 1961 1172 2013 de
1184 1961 1264 2012 lorma
1276 1962 1435 2023 indagantur,

367 2067 424 2116 quc
443 2059 527 2102 tameo
545 2052 611 2114 apud
632 2044 768 2101 Varronem
787 2049 892 2113 legitnr,
913 2051 994 2113 possit
1006 2050 1108 2115 legere:
1121 2050 1262 2113 iodnpootes
1274 2057 1299 2100 et
1312 2049 1435 2110 deinceps

368 2142 496 2201 laetanter,
513 2139 646 2199 imitantes,
665 2151 773 2203 quornm
786 2138 895 2201 primurn
908 2139 992 2189 minus
1003 2138 1089 2192 differt
1099 2139 1131 2188 ab
1142 2138 1307 2201 indulgenter.
1316 2138 1367 2201 -ξ
1381 2138 1434 2188 llll.

369 2230 486 2279 Fortasse
497 2228 586 2278 Cicero
597 2229 749 2290 scripserat:
764 2227 905 2278 «Videmus
917 2227 1016 2292 pridem
1027 2228 1052 2277 in
1066 2227 1205 2277 volucrium
1217 2239 1312 2290 genere
1322 2234 1434 2276 retmor

368 2337 380 2361 t
388 2317 413 2366 in
426 2316 513 2365 moltis
526 2316 603 2366 etiam
615 2314 742 2366 desideria
752 2335 775 2378 n,
788 2316 883 2366 omisso
895 2316 976 2366 altero
987 2317 1106 2367 videmur.

397 2404 504 2466 xxxlv,
522 2403 598 2466 §lla
623 2403 781 2455 llissentinnt
798 2402 903 2455 codices
914 2404 939 2453 in
954 2404 1040 2455 verbis
1053 2404 1098 2453 «in
1110 2410 1137 2455 te
1149 2403 1252 2467 qrridem
1264 2402 1362 2453 inlinila
1373 2416 1401 2463 v;
1413 2405 1434 2453 Α

366 2493 403 2543 sic
416 2493 507 2554 nahem
520 2492 560 2542 nl:
571 2492 638 2551 inde,
651 2494 731 2543 celeri
743 2494 804 2551 oiim·
815 2505 865 2556 ego
878 2493 978 2557 legam:
992 2497 1077 2542 «certe
1087 2492 1191 2556 quidem
1203 2492 1301 2541 inlinila
1310 2512 1332 2541 n.
1402 2519 1405 2523 ι

395 2580 492 2642 XXXV,
505 2580 517 2643 §
530 2582 585 2631 lle.
597 2581 718 2643 Suspicor
735 2581 886 2631 Ciceronem
897 2581 1048 2643 scripsisse:
1062 2597 1076 2625 «
1084 2594 1186 2644 remoue
1198 2580 1266 2630 omni
1278 2579 1433 2642 cogitatione

365 2675 548 2731 guarnamam»,
561 2680 611 2719 non
624 2681 685 2719 vero
697 2682 810 2732 comque,
819 2668 877 2718 scil.
890 2675 1013 2729 mentem,
1025 2668 1142 2732 quodvis
1156 2667 1328 2731 intelligas-
1338 2666 1433 2729 Legum

362 2771 420 2806 curn
439 2756 581 2820 lladvigio:
595 2776 606 2800 «
620 2756 653 2806 de
670 2756 815 2807 hominibus
834 2756 929 2819 optimc
949 2768 1111 2806 mererere».
1125 2782 1156 2793 -
1167 2755 1304 2805 abundare
1321 2754 1385 2804 milri
1396 2755 1434 2804 vi·

362 2846 456 2895 dentur
467 2844 560 2894 verba:
574 2856 720 2895 «aerumnas
736 2844 813 2895 etiam
825 2845 850 2894 in
863 2844 912 2895 deo
923 2864 945 2907 r,
958 2844 992 2895 ob
1009 2843 1145 2907 particulas
1155 2844 1191 2893 sic
1204 2850 1231 2894 et
1242 2843 1281 2893 ccl
1291 2855 1347 2905 quae
1360 2840 1433 2904 priris

365 2930 494 2994 leguntur.
565 2981 569 2986 ,
1055 2955 1058 2962 ν

739 3432 857 3500 LIBER
886 3433 1058 3502 TERTIUS
1133 3502 1134 3506 ,

846 3635 950 3644 ,ηιμ-...-

357 3873 359 3877 .
395 3809 415 3873 l,
432 3810 444 3873 ξ
458 3811 480 3859 1.
493 3809 538 3859 Vin
552 3809 636 3859 omitti
654 3822 730 3872 posse
743 3822 802 3861 reor
814 3812 975 3873 participium
986 3812 1135 3874 titillantem,
1147 3814 1216 3878 qnod
1228 3814 1320 3878 legitur
1332 3815 1358 3864 in
1374 3816 1431 3877 plc-

364 3898 450 3961 risque
462 3899 604 3956 codicibus,
616 3911 665 3948 nec
677 3898 744 3949 bene
757 3898 872 3963 intelligo
884 3900 945 3963 qrrid
959 3901 1042 3951 valeat
1061 3901 1191 3952 «dulcedo
1203 3902 1318 3966 corporis
1327 3917 1354 3963 »3
1374 3903 1430 3965 opi-

362 3999 410 4035 nor
427 3988 564 4050 legendum
580 4000 655 4037 esse:
675 3986 862 4038 «dulcedinem
879 4001 973 4051 corpus
985 3988 1166 4045 titillantem:
1181 3990 1361 4054 compendium
1374 4005 1429 4042 voc.

362 4087 451 4137 corpur
462 4076 588 4139 originem
600 4076 671 4126 dedit
683 4076 776 4126 errori.
787 4102 819 4120 -ν
835 4078 847 4139 §
859 4077 883 4126 ἓ.
902 4077 975 4127 Nullo
993 4078 1070 4128 modo
1082 4079 1192 4129 orationi
1204 4088 1310 4131 noceret
1325 4079 1431 4131 enimam

362 4165 512 4215 sententiae:
533 4166 612 4217 «Nec
628 4179 689 4217 vcro
702 4166 781 4217 ullum
800 4167 924 4231 probetur
940 4174 969 4217 ul
979 4180 1106 4218 summum
1125 4168 1231 4231 bonum,
1247 4171 1316 4234 qnod
1337 4172 1430 4223 virtute

362 4259 458 4311 careal,
470 4266 519 4316 qua
532 4254 596 4303 nllril
607 4261 695 4316 potest·
703 4268 762 4305 esse
775 4255 936 4318 prestantius
945 4268 970 4316 ις
991 4255 1042 4306 imo
1055 4257 1199 4318 prodesset,
1211 4260 1331 4322 qnoniam
1345 4261 1431 4323 scrip-

363 4342 427 4390 toris
446 4342 526 4393 menti
542 4343 646 4396 minime
663 4344 816 4406 respondet,
837 4344 881 4409 qni
897 4345 974 4396 modo
989 4345 1070 4396 divite
1090 4348 1275 4411 «quaerendum
1287 4356 1327 4398 cst
1340 4348 1384 4399 oni
1396 4350 1430 4399 sit
