3325 5159
612 575 740 646 Lnnrus,
756 589 843 645 vlt-x,
857 577 954 667 21--35,
1029 534 1032 541 ¹
1313 580 1363 638 tte

300 713 363 763 nibil
375 712 467 762 melius
478 720 518 762 est
530 712 555 761 b.
568 726 591 763 a.
605 713 630 763 d.
644 714 661 762 i.
674 714 761 763 datum
771 735 791 760 ι.
807 714 903 765 Deinde
917 716 1031 765 oratione
1040 722 1143 777 mutata,
1152 716 1210 779 quia
1218 728 1293 778 supra
1302 728 1363 766 usus

300 811 354 854 erat
365 804 445 854 iorma
459 823 470 848 ι
481 804 542 853 nibil
554 804 622 854 aliud
636 804 684 854 nisi
695 824 718 864 ιι,
731 805 833 868 scripsit
846 820 852 853 ε
867 818 935 869 «qua
948 806 1050 869 quidem
1062 806 1128 857 baud
1140 807 1193 856 scio
1205 820 1247 863 un,
1257 814 1362 870 exceptu

299 895 433 957 sapientia,
445 895 578 958 quicquam
590 896 682 945 melius
694 896 790 946 bomini
803 897 836 945 sit
848 896 933 946 datum
948 915 969 944 ι.
982 896 1043 946 Vuc.
1056 897 1123 955 nihil,
1136 898 1204 961 quod
1212 898 1242 947 ad
1253 898 1362 960 priorem

238 988 257 1009 ·‘
299 985 505 1035 enunciationem
518 986 637 1048 pertinet,
655 998 669 1034 a
691 985 801 1034 librariis
820 998 952 1048 perperam
969 992 1095 1058 serratum
1113 992 1161 1035 est.
1176 1014 1204 1022 -
1216 986 1295 1037 Oodd.
1314 1000 1363 1049 op-

301 1076 354 1123 timi
367 1075 462 1124 babent
474 1093 487 1119 u
500 1076 596 1124 bomini
607 1075 641 1145 sit
652 1075 738 1124 datum
753 1093 765 1118 ιι
778 1082 805 1123 ut
817 1075 859 1124 ed.
868 1075 937 1137 bips.
948 1075 1048 1125 Baiteri.
1058 1103 1088 1113 -
1100 1076 1112 1137 5
1124 1075 1163 1125 lt.
1174 1076 1269 1147 ¹Baiter.
1279 1090 1309 1125 ε]
1319 1090 1363 1139 op·

302 1164 368 1213 timis
379 1165 453 1215 codd.
468 1165 507 1213 bt>
518 1164 612 1214 omittit
624 1168 723 1222 uoslroe,
738 1171 794 1227 post
806 1164 870 1221 vilre,
884 1164 909 1212 in
927 1165 967 1215 cd.
986 1164 1054 1227 Lips.
1068 1192 1097 1200 η
1110 1165 1122 1227 5
1133 1164 1172 1213 ie.
1187 1165 1256 1214 idem
1274 1165 1363 1215 scribit

302 1273 312 1295 «
326 1253 484 1315 quiesset»,
498 1266 543 1315 pro
556 1252 622 1316 vulg.
639 1273 649 1297 ι
663 1253 716 1316 quis
731 1260 801 1302 esset
813 1272 834 1299 ιι.

232 1333 235 1339 ’
330 1342 381 1400 Vll,
395 1343 456 1404 523.
467 1342 567 1414 Optimi
578 1343 681 1393 codices
694 1342 771 1391 BGSV
784 1342 879 1391 babent
892 1358 899 1390 ι
913 1360 925 1387 ιι
939 1343 1025 1391 bonum
1037 1356 1105 1406 spem
1122 1342 1242 1405 praelucet
1255 1357 1283 1403 »;
1297 1343 1363 1407 legi·

300 1440 340 1481 tur
352 1440 437 1482 tamen
449 1432 510 1481 burro
521 1446 563 1495 spe
576 1433 600 1481 in
613 1432 688 1481 codd.
702 1445 752 1480 non
766 1431 939 1481 deterioribus
951 1431 1002 1493 bn,
1016 1445 1072 1495 quae
1085 1432 1160 1482 lectio
1172 1433 1292 1482 idoneum
1304 1446 1362 1482 seu-

299 1534 354 1571 sum
369 1521 472 1584 praebet.
485 1520 523 1569 Ob
535 1521 636 1583 signum
654 1521 744 1570 litterae
761 1534 795 1578 ru,
816 1533 862 1570 seu
883 1520 1037 1583 neglectum,
1057 1533 1102 1570 seu
1123 1521 1255 1582 omissum,
1274 1534 1361 1583 parum

299 1609 382 1660 valent
395 1611 420 1658 b.
434 1610 449 1658 l.
463 1610 575 1660 codices
595 1610 712 1660 Fortasse
725 1610 766 1659 bic
778 1610 874 1659 Tullius
892 1610 994 1673 scripsit
1009 1611 1129 1673 perlucet,
1147 1624 1198 1673 quo
1217 1610 1295 1660 verbo
1314 1624 1362 1660 ειε-

298 1701 354 1764 pius
366 1700 454 1750 utitur.
467 1727 498 1737 —
509 1700 613 1772 Legum,
625 1707 729 1750 auctore
742 1699 868 1761 Madvigiu
883 1714 889 1746 ι
906 1721 915 1742 ι
930 1712 961 1749 er
974 1699 1109 1749 discordiis
1122 1700 1232 1761 perspici
1245 1706 1329 1762 potest
1340 1720 1360 1758 ι,

300 1804 344 1852 pro
358 1791 425 1853 vulg.
437 1790 539 1854 percipi.
552 1818 583 1825 —
595 1790 685 1839 Ultima
698 1789 773 1851 hujus
786 1785 807 1854 5i
820 1790 945 1839 sententia
960 1804 966 1837 z
982 1808 991 1831 ι
1006 1802 1036 1838 ε]
1056 1803 1106 1852 quo
1124 1795 1243 1853 quantum
1257 1789 1316 1838 boni
1329 1789 1362 1838 sit

298 1879 323 1927 in
335 1879 446 1929 amicitia
458 1879 563 1929 iudicari
577 1886 661 1942 potest
675 1898 697 1940 ι,
711 1879 773 1928 mibi
785 1878 900 1928 scholion
917 1878 1017 1928 ridetur
1034 1878 1159 1928 redolere.
1172 1905 1204 1914 -
1215 1880 1226 1941 5
1239 1877 1277 1927 li.
1293 1877 1362 1927 Feli-

298 1968 362 2017 citer
375 1968 511 2018 verborum
523 1969 638 2018 ordinem
653 1989 663 2011 ι
677 1975 735 2017 ιιιει
747 1973 816 2017 esset
828 1966 932 2017 Orestes
945 1986 957 2011 ιι
971 1966 1083 2017 Halmius
1095 1966 1210 2029 mutarit,
1228 1966 1362 2030 praeposito

298 2056 401 2105 nomine
413 2056 507 2107 Orestes
518 2063 577 2105 aute
590 2060 659 2106 erret.
677 2056 798 2119 vulgatus
814 2056 878 2106 ordo
898 2069 943 2118 per
961 2055 1173 2106 bomaeoteleuton
1193 2056 1296 2114 lacunae,
1313 2068 1361 2118 qua

268 2172 271 2178 ·
298 2147 412 2209 plerique
429 2147 531 2196 codices
547 2145 671 2208 laborant,
693 2146 819 2210 originem
838 2146 924 2207 dedit;
946 2146 1030 2208 itaque
1050 2145 1153 2209 Ppludea
1172 2144 1283 2205 evanuit,
1303 2151 1361 2193 ante

298 2237 416 2287 Orestem.
430 2262 460 2273 -
472 2237 484 2297 5
495 2235 534 2284 25.
547 2235 657 2286 Verbum
670 2240 714 2293 est,
728 2248 774 2285 seu
786 2241 816 2304 at,
829 2235 957 2285 excidisse
969 2234 1086 2297 suspicor
1096 2235 1164 2285 inter
1178 2247 1232 2283 roc.
1246 2232 1362 2282 orationis

298 2331 401 2382 ettuu;
417 2326 537 2376 vixerim
550 2326 662 2389 suppleri
680 2333 764 2389 potest
781 2339 826 2375 seu
844 2327 981 2389 expetimus
1000 2339 1046 2377 seu
1064 2329 1242 2390 exspectamur,
1262 2338 1318 2388 quae
1336 2325 1361 2373 in

233 2455 235 2457 .
256 2462 259 2468 ,
297 2416 448 2478 quibusdam
461 2416 594 2465 codicibus
605 2416 724 2478 leguntur
736 2423 762 2464 et
772 2415 924 2478 glossemata
937 2428 994 2465 esse
1014 2416 1148 2474 ridentur3
1161 2421 1271 2465 attamen
1288 2416 1362 2466 deest

298 2508 402 2554 uerbum
415 2505 488 2568 cujus
500 2506 571 2567 pilum
585 2506 625 2555 rel
637 2505 806 2555 nominativus
818 2505 858 2554 vei
870 2505 1029 2554 accusativus
1041 2504 1082 2554 sit.

330 2594 392 2653 Vlll,
405 2593 419 2658 5
431 2595 469 2643 28.
489 2595 570 2644 Beier.
586 2608 641 2645 roc.
655 2595 750 2652 uirtute,
764 2601 823 2644 ante
836 2595 973 2652 amabilius,
990 2595 1080 2644 merito
1087 2594 1217 2644 abundare
1225 2598 1322 2644 censet.
1331 2621 1360 2628 -

298 2681 408 2746 Legem:
424 2696 501 2732 «cum
513 2683 617 2731 caritate
628 2681 711 2745 aliqua
724 2682 835 2731 benevole
846 2682 995 2733 memoriam
1008 2689 1113 2745 usurpet
1128 2702 1149 2743 ι,
1163 2695 1208 2744 pro
1216 2680 1283 2744 vulg.
1294 2681 1363 2730 bene-

297 2772 362 2821 rolu.
375 2771 485 2835 iladvig.
497 2770 601 2832 conjicit
613 2772 795 2820 beueuoleuliae.

330 2862 369 2919 lx,
383 2864 394 2924 5
406 2862 445 2911 ill.
464 2862 586 2925 Exempla
598 2862 692 2911 desunt
702 2862 728 2910 in
744 2862 838 2924 quibus
852 2862 931 2912 verbo
948 2862 1064 2911 arbitrari
1079 2860 1199 2925 jungatur
1217 2861 1360 2923 praepositio

296 2951 331 3009 iu,
345 2965 403 3001 cum
416 2964 487 3014 pron.
500 2965 534 2999 re.
548 2951 618 3001 Codd
630 2951 671 3000 DE
685 2951 780 3001 hubent
793 2951 945 3001 «minimum
957 2951 982 3000 in
996 2964 1024 3001 se
1036 2965 1093 3001 esse
1104 2972 1126 3013 ι,
1139 2965 1170 3000 ε]
1183 2965 1234 3015 quo
1246 2952 1363 3014 suspicor

296 3042 322 3091 iu
334 3049 416 3093 ortum
429 3054 486 3091 esse
499 3028 530 3091 er
543 3041 627 3090 littera
640 3055 664 3089 m
673 3042 841 3103 precedente.
864 3041 980 3101 Quaedam
1000 3041 1126 3091 editiones
1144 3040 1238 3090 babent
1257 3040 1362 3089 nimium

298 3144 343 3193 pro
362 3131 500 3179 minimum.
515 3157 544 3165 -
558 3131 620 3192 531.
635 3130 752 3180 Fortasse
770 3130 801 3178 rit
820 3129 860 3179 rei
879 3134 908 3188 rt,
929 3130 996 3179 inter
1014 3131 1067 3179 eius
1085 3136 1111 3179 et
1129 3130 1234 3193 fructus,
1256 3129 1361 3187 excidit,

297 3221 365 3270 unde
377 3220 489 3269 additum
502 3219 550 3269 init
568 3220 629 3268 ineat
647 3220 673 3268 in
693 3219 742 3267 line
761 3219 904 3279 sententie,
923 3220 992 3284 quod
1008 3220 1063 3269 auri
1082 3233 1132 3270 uon
1150 3219 1240 3283 piacet.
1254 3248 1284 3255 —
1296 3221 1308 3282 5
1320 3220 1359 3269 32.

296 3308 388 3358 Contra
401 3308 475 3358 codd.
489 3309 532 3371 qui
544 3307 639 3358 babent
653 3309 704 3357 «ab
717 3308 757 3358 bis
766 3329 788 3370 ι,
801 3309 968 3361 ediditliaim.
983 3310 1075 3359 «atii»
1090 3309 1288 3373 quodiamapud
1297 3310 1362 3359 Fac-

296 3396 391 3453 ciolati‚
404 3396 501 3455 Occidi,
515 3405 563 3447 etc.
578 3397 639 3447 edit.
654 3397 755 3461 iegitur.
769 3416 782 3443 ιι
793 3397 830 3447 nb
843 3398 903 3448 bis»
917 3398 1028 3449 restituit
1040 3399 1132 3448 Baiter.
1145 3399 1172 3447 in
1188 3399 1229 3449 ed.
1247 3398 1315 3462 Lips.
1335 3400 1361 3448 Si

296 3486 333 3535 sic
345 3485 426 3549 legas,
439 3485 576 3549 legendum
588 3485 652 3535 inira
666 3507 676 3529 ι
687 3487 762 3551 louge
774 3488 939 3538 dissentimus
949 3500 977 3548 »;
991 3488 1030 3537 sin
1044 3488 1127 3537 miuus
1138 3488 1219 3548 oratio
1226 3487 1358 3538 claudicat.

327 3577 357 3634 X,
371 3576 433 3638 533.
452 3576 534 3626 Malim
548 3594 561 3620 ιι
574 3577 659 3627 audite
671 3591 734 3641 ergo
748 3596 770 3640 ι,
783 3591 858 3641 quam
871 3598 882 3621 ιι
897 3579 982 3629 audite
1000 3592 1060 3628 vero
1074 3593 1103 3640 »3
1121 3579 1147 3627 in
1165 3577 1256 3627 talibus
1273 3592 1359 3640 parum

296 3665 428 3716 codicibus
440 3667 499 3716 iido.
512 3694 543 3701 -
555 3669 616 3716 tium
629 3673 681 3729 opt.
695 3668 769 3717 codd.
785 3668 866 3731 legam
877 3672 1035 3732 ponerentur,
1049 3682 1095 3732 pro
1112 3668 1178 3731 vulg.
1192 3669 1244 3732 dep.
1254 3696 1283 3703 —
1295 3670 1307 3730 5
1319 3668 1358 3716 34.

296 3756 402 3806 Codices
414 3756 510 3806 babent
522 3777 533 3800 ι
544 3757 659 3814 luuurioe,
673 3769 718 3805 seu
732 3758 840 3816 luuurie,
853 3771 898 3808 seu
912 3758 1011 3807 incurab
1023 3758 1208 3818 conditionis»,
1222 3757 1361 3807 uudeTur·

296 3846 378 3895 nebus
390 3845 500 3908 coniecit
512 3847 614 3904 uuorioe,
627 3847 702 3909 quain
715 3847 887 3910 conjecturam
899 3847 1056 3897 admiserunt
1069 3846 1224 3909 posteriores
1231 3846 1360 3906 editores;

296 3934 415 3997 equidem
429 3934 513 3983 malim
525 3935 612 3998 legere
624 3953 637 3979 ιι
647 3934 746 3984 lrrrorlae
757 3935 911 3995 conditionis
921 3954 943 3997 ι,
957 3935 1024 3999 quod
1037 3935 1128 3984 melius
1140 3934 1277 3984 conuenire
1290 3934 1360 3984 ride-

298 4029 407 4072 turcum
419 4022 451 4071 iis
463 4037 518 4086 quoe
534 4023 643 4073 subinde
661 4023 796 4086 leguntur;
808 4023 889 4087 magis
906 4023 973 4073 enim
990 4035 1047 4072 cum
1066 4022 1196 4073 hodiernis
1212 4034 1287 4085 quam
1304 4035 1361 4070 curu

297 4112 408 4162 romanis
422 4113 535 4162 moribus
555 4120 698 4177 congruunt
717 4115 794 4163 verba
815 4114 934 4163 «uxoriae
952 4112 1143 4174 conditionis»,
1163 4125 1219 4176 quae
1239 4114 1361 4174 praeterea

297 4216 346 4251 uon
360 4201 432 4252 iacile
444 4201 627 4265 intelliguntur.
641 4231 671 4239 -
684 4204 696 4265 5
707 4203 746 4253 35.
763 4203 872 4252 Tullium
888 4200 1022 4265 scripsisse
1039 4200 1155 4263 suspicor
1173 4220 1183 4243 ι
1197 4200 1265 4264 quod
1281 4201 1303 4248 si
1318 4200 1361 4262 qui

301 4298 450 4341 recusarent
464 4307 490 4350 ι;
504 4291 541 4339 sic
553 4292 675 4353 periodus
686 4293 770 4341 minus
782 4291 902 4354 impedita
916 4290 1050 4340 videbitur.
1063 4316 1094 4326 -
1106 4289 1195 4339 Melius
1208 4290 1362 4351 respondent
