3325 5159
505 614 547 670 lin
565 625 684 670 huonon
702 624 817 668 unauna
837 612 1045 680 Lanuuium,
1066 609 1158 668 7999.
1324 608 1360 665 85

299 767 351 802 non
363 763 456 813 corpus
468 762 526 800 esse
539 750 563 797 iu
575 749 634 807 deo,
647 748 693 797 sed
712 748 784 810 quasi
803 760 906 810 corpus,
926 760 974 795 nec
992 746 1151 810 sangninem,
1171 746 1217 796 sed
1233 752 1359 808 tamquam

298 841 450 904 sanguinem
465 858 487 899 u,
497 839 555 902 quia
567 837 689 888 orationis
700 837 793 886 seriem
805 836 900 898 rumpit
911 843 937 885 et
948 835 1021 892 inira,
1034 836 1046 897 5
1057 836 1097 897 ll,
1110 835 1211 898 legitur.

333 929 405 986 XXV,
425 928 438 992 5
457 928 496 977 70.
514 927 621 977 Codices
643 926 732 988 optimi
755 925 849 974 habent
861 943 874 969 o
887 924 937 973 uisi
959 923 1050 973 callide
1066 943 1089 984 u,
1102 936 1148 973 seu
1161 942 1173 968 u
1187 923 1235 973 nisi
1252 923 1323 973 ualde
1336 942 1359 981 u,

299 1024 358 1081 post
380 1036 392 1059 r
411 1016 473 1066 nihil
497 1017 586 1064 horum
600 1034 621 1061 u.
636 1014 794 1064 Schoemann.
808 1027 885 1078 quem
908 1015 1024 1076 sequitur
1049 1014 1142 1074 Baiter,
1162 1013 1224 1076 legit
1238 1028 1245 1060 ι
1259 1032 1271 1056 e
1284 1014 1359 1061 nimis

298 1106 391 1155 callide
405 1120 433 1165 ,ς
452 1106 570 1168 equidem
593 1103 677 1153 malim
697 1121 710 1147 α
728 1104 774 1152 uiri
795 1102 916 1152 callidi.»
935 1103 1072 1165 Epicurum
1085 1101 1274 1162 vocatlullins‚
1291 1101 1303 1163 5
1319 1101 1359 1157 85,

299 1196 428 1245 hominem
441 1196 544 1244 minime
556 1193 661 1243 valrum.

329 1284 413 1346 xxvi,
427 1286 438 1345 5
450 1284 489 1333 rt.
505 1284 601 1345 legere
615 1283 703 1332 velim:
717 1301 730 1326 «ι
740 1295 796 1332 cnm
809 1282 889 1332 semel
902 1283 1004 1345 quidem
1023 1264 1204 1342 dictasunt»,
1224 1295 1269 1344 pro
1290 1282 1358 1346 vulg.

298 1376 359 1426 lect.
374 1395 385 1417 l
399 1389 455 1425 cum
468 1374 570 1438 quidem
582 1374 662 1424 semel
676 1394 697 1422 ι.

330 1465 424 1524 llxvll,
438 1464 500 1526 577.
519 1463 611 1527 Legam
624 1477 681 1513 cnm
695 1464 876 1513 Schoemann0:
892 1484 902 1507 ι
921 1463 1024 1513 homine
1039 1463 1135 1514 homini
1151 1463 1281 1526 pulchrius
1297 1462 1360 1512 nihil

298 1555 430 1605 ridebatur
445 1574 466 1616 ι,
479 1553 513 1603 ob
526 1554 673 1617 praecedens
685 1558 746 1612 erut,
760 1561 786 1604 et
799 1553 863 1616 peri.
877 1554 983 1611 occessit,
1002 1554 1069 1603 unde
1088 1559 1155 1615 patet
1172 1566 1227 1603 rem
1239 1552 1359 1603 historice

299 1646 398 1695 referri.
408 1673 438 1680 —
446 1645 557 1695 Geminae
568 1644 753 1694 enunciationis
766 1644 900 1703 restiqium
913 1651 1016 1706 apparet
1028 1644 1054 1691 in
1066 1643 1177 1693 clausula
1185 1655 1260 1705 quam
1268 1643 1360 1691 merito

298 1735 439 1798 Madvigius
451 1734 584 1783 delendam
596 1747 654 1783 esse
666 1734 781 1791 monuit,
794 1734 912 1796 qnoniam
925 1746 975 1782 non
989 1740 1071 1795 potest
1080 1733 1212 1781 neclicum
1221 1732 1360 1794 praeceden-

298 1823 368 1875 tibus
379 1824 472 1873 verbis.
486 1823 605 1885 Suspicor
613 1822 720 1872 Tullium
733 1823 770 1872 sic
783 1822 836 1872 lere
850 1823 919 1884 prius
931 1822 1078 1884 scripsisse:
1093 1843 1103 1864 «
1117 1821 1219 1871 Minime
1232 1821 1360 1884 igiturdu-

298 1913 369 1962 bium
382 1926 437 1962 eam
449 1925 506 1962 esse
519 1925 629 1970 causam,
642 1926 688 1962 cur
700 1914 762 1962 deos
779 1912 909 1962 hominnm
927 1911 1023 1960 similes
1040 1917 1185 1973 putaremus
1204 1930 1225 1969 ι,
1242 1915 1270 1958 et
1284 1909 1360 1959 dein-

298 2016 361 2066 ceps
374 2004 482 2066 priorem
495 2003 663 2052 sententiam:
679 2024 688 2044 ι
703 2001 767 2062 Quid
779 2002 857 2066 igitur
872 2002 963 2050 mirum
980 2002 1002 2049 si
1006 2036 1095 2049 .....
1110 1998 1225 2062 putaret?
1238 2018 1250 2044 o
1267 2006 1359 2062 praetu-

300 2093 371 2153 iisse,
385 2092 451 2155 quod
464 2091 583 2141 librarios
594 2090 668 2155 lugit.
736 2129 738 2131 -

331 2181 416 2240 xxix,
429 2181 440 2243 5
452 2182 491 2231 8l.
509 2180 546 2229 Ex
560 2181 675 2231 codicum
689 2180 799 2230 lectione
812 2182 955 2245 apparuisse
972 2180 1097 2242 sagaciter
1113 2178 1176 2228 ridn
1192 2178 1304 2228 lilotzins
1320 2178 1357 2227 le-

298 2272 409 2335 gendum
422 2284 495 2321 esse:
510 2292 520 2312 «
535 2283 548 2320 a
562 2270 645 2334 paruis
657 2270 724 2320 enim
739 2290 760 2327 ι,
774 2270 815 2319 cui
827 2270 967 2332 bladrigius
979 2278 1005 2319 et
1017 2269 1132 2318 Baiterus
1144 2267 1357 2332 obsequutisunl;

299 2362 415 2425 ejusdem
427 2360 582 2411 confusionis
595 2359 738 2422 exemplum
751 2367 881 2421 repertum
894 2359 942 2408 luit
952 2359 978 2406 in
991 2358 1069 2422 Legg.
1083 2357 1114 2416 ll,
1127 2358 1138 2419 5
1149 2358 1173 2406 9.

330 2451 405 2507 llllll,
423 2451 486 2515 583.
505 2450 609 2514 Legitur
626 2450 650 2498 in
668 2448 816 2498 codicibus:
837 2468 846 2491 ι
861 2447 993 2497 laudamus
1008 2460 1065 2497 esse
1083 2447 1190 2497 Athenis
1204 2461 1229 2506 »;
1247 2446 1360 2496 editores

298 2541 419 2591 omittunt
430 2554 481 2589 esre
489 2559 497 2596 ,·
510 2539 628 2602 equidem
639 2537 735 2602 legam:
752 2559 761 2581 «
775 2537 892 2586 audimus
904 2549 961 2588 esse
975 2536 1080 2587 Athenis
1097 2555 1120 2597 u,
1133 2549 1207 2600 quam
1220 2537 1360 2587 correctio-

298 2643 357 2679 nem
370 2630 424 2691 ipse
435 2629 531 2678 Tullius
543 2628 653 2677 uindicat
666 2628 744 2677 rerbo
757 2627 911 2691 occepimus,·
923 2626 1059 2677 uerborum
1071 2633 1155 2675 autem
1169 2624 1268 2674 laudare
1281 2631 1307 2674 et
1315 2637 1359 2673 ou-

298 2717 350 2769 dire
363 2719 478 2769 conlusio
490 2732 540 2768 non
552 2732 607 2767 rara
620 2725 668 2768 est.
681 2746 711 2754 -
722 2718 761 2767 85.
774 2717 869 2781 Opinor
880 2715 1029 2781 legendum:
1044 2736 1055 2759 l
1069 2716 1095 2766 Si
1106 2716 1184 2779 igitur
1195 2728 1243 2765 nec
1251 2715 1359 2765 humano

298 2808 391 2864 babitu
404 2808 471 2871 quod
484 2807 558 2857 docui
572 2828 594 2866 ·‚
607 2820 663 2871 quae
674 2820 722 2856 nox
734 2806 817 2855 habitu
828 2807 932 2856 euanuit
943 2820 957 2856 e
970 2805 1102 2855 codicibus
1116 2804 1149 2855 ob
1166 2805 1253 2867 primae
1269 2804 1359 2853 litlerae

298 2896 505 2956 similitudinem;
519 2895 626 2945 Orellius
638 2896 715 2959 legit:
730 2895 860 2945 «humano
870 2896 925 2944 risu
936 2916 994 2942 ·.-
1003 2895 1107 2957 Sequar,
1117 2908 1173 2943 curn
1183 2894 1359 2955 Schoemanno,

297 2986 355 3035 cod.
369 2985 472 3049 Glogav.
486 2986 528 3048 qui
542 2984 618 3034 hahet
631 3006 641 3027 ι
655 2997 703 3033 nec
715 2984 765 3033 olio
776 2983 861 3047 aliquo
876 3004 896 3042 »‚
911 2997 956 3047 pro
965 2984 1018 3033 toli.

329 3074 415 3133 llell‚
428 3076 440 3137 5
451 3074 492 3124 86.
506 3074 630 3137 Equidem
642 3080 703 3136 puto
717 3073 868 3136 legendum:
883 3094 894 3114 ι
908 3074 945 3122 lln
958 3073 1058 3136 siquod
1071 3073 1104 3122 sit
1116 3072 1165 3122 lale
1179 3086 1205 3130 »;
1217 3070 1360 3122 scholiastae

296 3165 423 3213 enarratio
438 3165 482 3213 «id
496 3177 553 3214 esse
566 3162 707 3213 immortale
716 3185 737 3224 ·‚
750 3176 796 3212 seu
810 3163 855 3213 «id
869 3176 927 3213 esse
939 3162 1076 3219 mortale»,
1088 3161 1240 3226 adjectivum
1253 3160 1300 3210 tole
1312 3161 1358 3210 ab·

297 3253 400 3315 sorpsit.
414 3281 445 3288 -
456 3253 567 3302 Postulat
579 3252 675 3303 oratio:
691 3273 701 3295 ι
715 3264 788 3315 quarn
802 3250 877 3314 paulo
889 3257 948 3301 aule
960 3254 986 3300 tu
1000 3270 1022 3309 ι,
1034 3250 1091 3300 scil.
1101 3250 1201 3300 locutus
1213 3262 1250 3300 es.
1263 3278 1292 3285 —
1305 3251 1358 3300 Non

297 3343 456 3404 aspernanda
474 3342 574 3391 uidetur
597 3341 673 3391 lectio
690 3343 856 3405 quorumdam
873 3341 989 3390 codicum
1008 3348 1114 3391 «morte
1143 3341 1276 3405 postposito
1290 3361 1310 3389 ι.
1328 3367 1358 3376 -

298 3434 312 3498 5
324 3434 365 3483 87.
378 3432 470 3496 Legam
483 3446 541 3481 curn
554 3432 687 3482 Walllero:
702 3452 712 3474 ι
727 3433 751 3480 in
764 3432 870 3482 deornm
883 3445 986 3481 numero
1002 3453 1023 3492 υ,
1036 3446 1082 3495 pro
1095 3435 1196 3481 noluero.
1209 3460 1239 3467 —
1251 3432 1314 3495 588.
1327 3435 1358 3482 Α·

296 3522 391 3571 lienum
403 3521 486 3570 locum
498 3520 615 3570 obtinere
628 3520 689 3569 mihi
702 3520 801 3570 ridetur
812 3521 953 3572 sententia:
969 3542 978 3562 ι
990 3522 1024 3570 lta
1037 3520 1065 3571 lit
1075 3528 1104 3571 ut
1115 3520 1296 3571 mediterranei
1308 3533 1359 3570 ma·

297 3623 325 3659 re
338 3622 395 3659 esse
408 3623 457 3659 non
471 3610 575 3659 credant
590 3623 616 3670 »3
630 3609 758 3671 pertinere
772 3610 872 3660 videtur
883 3610 915 3659 ad
928 3609 993 3673 597,
1006 3609 1050 3659 ubi
1062 3610 1144 3659 locmm
1151 3611 1271 3660 idoneum
1279 3610 1358 3659 habe-

297 3703 347 3759 ret,
362 3698 459 3760 opinor,
474 3705 529 3759 post
543 3698 620 3747 rerba
635 3718 645 3740 «
659 3698 716 3761 quia
729 3710 865 3761 numquam
878 3698 987 3748 vidimus
1001 3713 1026 3758 »ς
1040 3699 1108 3748 illam
1119 3706 1202 3748 tamen
1211 3698 1298 3748 delere
1305 3711 1358 3747 rna·

298 3786 352 3847 lirn,
365 3787 423 3850 quia
435 3788 526 3837 scholii
537 3787 649 3850 speciem
662 3786 748 3837 habet.
762 3787 824 3837 Vide
837 3795 890 3837 not.
902 3788 934 3837 ad
947 3789 959 3850 5
970 3789 1011 3837 97.

329 3875 426 3936 xxxii,
440 3875 503 3938 590.
519 3876 625 3926 Videtur
634 3876 734 3939 gemina
747 3875 1271 3938 ejusdemsententiaeenunciatioinunam
1280 3874 1358 3926 luisse

297 3963 416 4023 conlnsa;
428 3965 522 4014 etenim
534 3965 596 4015 satis
611 3972 666 4015 erat
678 3966 783 4027 dixisse,
795 3978 856 4015 seu:
873 3986 882 4008 ι
896 3973 954 4015 anie
967 3966 1046 4028 igitur
1062 3965 1169 4015 bumana
1187 3964 1266 4015 lorma
1282 3978 1357 4028 quam

299 4056 416 4105 homines
430 4075 452 4116 a,
465 4067 524 4104 sen:
540 4063 621 4105 «ante
633 4055 710 4119 igilur
720 4069 794 4120 quam
808 4056 925 4106 homines
934 4068 964 4105 ea
972 4063 1044 4105 erant
1052 4054 1130 4105 lorma
1139 4054 1165 4105 di
1173 4054 1355 4106 immortales.»

301 4146 400 4202 Belius,
413 4145 430 4194 Ι.
443 4146 461 4194 l.
473 4144 609 4209 legendnm
622 4154 710 4196 censet
723 4153 779 4209 post
791 4147 914 4196 homines:
928 4167 938 4189 «
953 4160 1032 4209 eaque
1045 4151 1118 4195 erant
1132 4145 1209 4196 lonna
1225 4146 1250 4197 d.
1265 4147 1281 4196 i.
1292 4166 1304 4192 u
1316 4147 1357 4198 Sic

298 4236 377 4285 habet
388 4236 450 4285 edit.
464 4236 532 4299 Lips.
546 4236 647 4286 Baiteri.

330 4323 439 4387 xxxin,
452 4324 464 4388 5
475 4323 515 4373 99.
534 4324 616 4375 l-'acilc
628 4338 726 4376 caream
739 4325 855 4377 hocloco
872 4325 1013 4376 communi:
1033 4325 1142 4393 «itaque
1159 4327 1225 4378 nulla
1242 4339 1283 4379 ars
1299 4326 1357 4377 imi·
