3325 5159
444 566 678 624 Tusuutnuauun
693 576 925 622 nrsrurrrrouuu
940 564 993 634 lll,
1009 576 1118 634 ιιι-χιιι,
1135 565 1230 621 tt-itl.
1332 566 1371 621 ⁴69

297 703 431 753 insaniunt
444 716 473 763 ος
490 713 565 765 quam
577 701 730 751 sententiam
749 700 857 751 fortasse
870 700 967 750 Tullius
985 700 1040 762 ipse
1052 700 1206 762 scripserat,
1223 701 1268 750 sed
1283 709 1370 762 postea

300 790 428 853 neglexit,
440 790 565 840 orationis
577 790 644 839 llexu
657 789 681 839 ld
696 788 849 851 postulante.

329 879 376 936 Vl,
395 879 460 943 §lb
485 880 607 941 Suspecta
627 878 690 927 milri
709 878 810 927 ridetur
829 876 937 927 lormula
960 894 973 921 u
988 884 1013 926 et
1033 888 1094 925 vero
1110 889 1141 934 »3
1165 874 1238 923 multi
1262 875 1368 925 codices

299 966 397 1017 babent
418 987 429 1009 «
448 979 496 1029 ego
516 979 576 1016 vero
591 981 623 1013 r:
646 965 749 1029 legam:
776 966 924 1015 «enimvero
943 964 977 1014 ita
996 964 1115 1014 existimo
1129 982 1151 1010 n.
1169 988 1200 999 -
1218 962 1370 1026 Legendum

298 1057 409 1118 opinor:
429 1075 440 1099 a
454 1056 489 1105 lle
501 1062 612 1118 aegrotus
624 1054 688 1114 sim3
700 1054 740 1104 siu
752 1054 812 1118 quid
826 1053 892 1117 (scil.
905 1054 1035 1115 evenerit,
1049 1054 1208 1116 contigerit),
1221 1066 1313 1103 sensus
1324 1054 1371 1103 ad·

300 1146 334 1194 sit
348 1164 369 1193 ι.
387 1144 459 1195 conl.
473 1144 554 1206 Epist.
567 1142 599 1192 ad
612 1145 663 1192 Αιι.
676 1142 746 1199 lllll,
764 1142 795 1191 22
806 1144 838 1192 ad
851 1142 894 1191 lin.
912 1143 994 1193 Verba
1006 1143 1096 1206 inqiut,
1109 1141 1194 1203 fucrit,
1208 1141 1299 1203 fuerat,
1314 1154 1371 1204 quae

300 1237 326 1284 in
338 1234 472 1285 codicibus
483 1232 612 1297 leguntur,
624 1232 752 1283 debentur
765 1232 884 1303 librariis.
902 1231 951 1282 Alii
963 1232 1010 1281 alia
1023 1231 1174 1294 conjiciunt.

332 1322 388 1384 Vll,
405 1323 468 1385 §ll¹
487 1321 572 1371 Facile
590 1334 690 1371 caream
710 1322 855 1371 sententia:
875 1321 1032 1383 «biscrepat
1053 1321 1154 1371 enimn
1175 1320 1288 1370 timendo
1308 1333 1373 1370 con-

301 1410 419 1467 fidere»,
432 1409 492 1459 licet
503 1408 603 1471 legatur
614 1409 682 1471 apud
691 1409 796 1457 Nouium
809 1409 852 1471 qui
865 1408 960 1458 babet:
980 1422 1015 1459 «a
1028 1410 1141 1459 timendo
1154 1408 1236 1459 lidens
1249 1428 1271 1457 r.
1285 1407 1374 1456 Gram·

300 1496 452 1546 maticorum
464 1497 561 1546 scholia
573 1496 647 1545 Tullii
660 1496 801 1546 orationem
811 1497 862 1559 iarn
876 1496 1027 1547 iniecerant.

332 1584 400 1646 Vlll,
419 1586 430 1647 5
447 1586 486 1634 ld.
504 1585 638 1634 Turnebus
654 1584 815 1647 coniecerat:
837 1607 846 1629 a
861 1599 963 1637 onmem
982 1587 1049 1636 enim
1062 1586 1252 1644 abstinentiam,
1270 1598 1372 1635 omnem

301 1673 514 1734 innocentiam»,
531 1674 574 1735 qui
592 1673 731 1722 accusativi
749 1674 861 1735 pendent
880 1686 894 1722 a
919 1673 998 1722 verbo
1018 1673 1138 1731 continel,·
1163 1685 1273 1735 eumque
1292 1673 1374 1721 secuti

302 1766 363 1810 sunt
376 1760 460 1809 Daris.
472 1767 499 1809 et
511 1760 630 1820 Ernesti;
648 1767 674 1809 at
687 1762 843 1810 recentiores
855 1761 970 1810 editores
981 1760 1056 1810 codd.
1071 1760 1224 1822 optimorum
1236 1759 1373 1809 lectionem

303 1867 316 1893 r
330 1850 414 1899 omnis
428 1850 496 1899 enim
509 1849 672 1907 abstinentia,
691 1850 774 1899 omnis
786 1851 931 1901 innocentia
947 1870 970 1909 r,
989 1850 1148 1912 improbante
1162 1849 1253 1907 Baldo,
1272 1852 1374 1897 tacente

301 1938 413 1999 Baitero,
427 1938 603 1989 restituerunt.
621 1938 740 1988 Fortasse
750 1939 847 1988 Tullius
858 1940 1012 2001 scripserat:
1029 1959 1038 1980 ι
1053 1939 1115 1987 inest
1127 1938 1195 1986 enim
1207 1936 1375 1995 abstinentia,

303 2028 366 2076 inest
384 2028 529 2077 innocentia
543 2047 565 2076 r.
577 2028 631 2089 -ξ
646 2028 683 2076 17.
701 2027 727 2076 Si
749 2041 808 2077 cum
827 2027 954 2091 Madvigio
973 2026 1063 2091 legas:
1083 2026 1206 2089 «reliqua
1232 2026 1310 2089 igitur
1334 2032 1375 2076 est

303 2122 392 2177 quarta
405 2115 487 2166 rirtus
501 2118 528 2178 ι’,
545 2116 682 2179 legendum
695 2116 721 2164 in
734 2115 862 2165 clausula:
882 2136 892 2159 r
906 2128 962 2179 qrrae
974 2122 1015 2165 est
1027 2116 1080 2178 ipsa
1093 2112 1225 2177 frugalitas
1238 2128 1267 2160 r:
1283 2112 1375 2162 sicum

305 2205 383 2256 Balio
399 2205 492 2254 malis:
513 2204 691 2267 «relinquitur
710 2211 799 2267 quarta
815 2204 897 2254 rictus
911 2224 937 2263 ι,
957 2203 1179 2254 concludendum:
1199 2220 1212 2245 u
1226 2209 1254 2251 ut
1272 2202 1306 2250 sit
1322 2201 1376 2263 ipsa

305 2294 439 2359 frugalitas
453 2314 475 2342 ι.
488 2292 606 2342 Fortasse
619 2292 660 2341 bic
672 2291 796 2342 babemus
808 2292 916 2355 geminae
928 2291 1115 2342 enunciationis
1128 2290 1282 2354 vestigium;
1299 2289 1378 2339 alter·

308 2393 390 2434 utram
402 2382 508 2433 formam
519 2381 616 2431 Tullius
628 2380 743 2442 uolebat,
757 2380 855 2431 librarii
872 2395 915 2431 eas
927 2382 1094 2430 miscuerunt.

336 2472 382 2534 xl,
401 2470 466 2535 §ab
487 2470 596 2519 lucisum
616 2488 629 2514 «
645 2470 682 2519 vel
697 2470 788 2520 rationi
804 2483 856 2519 non
877 2470 1028 2519 obediens»
1047 2470 1178 2519 abundare
1190 2469 1252 2518 milri
1265 2469 1376 2529 ridetur,

305 2567 394 2624 utpote
405 2559 532 2623 glossema
544 2557 620 2620 hujus
632 2558 699 2621 quod
713 2558 782 2620 prius
794 2557 903 2622 legitur:
919 2558 979 2607 «rel
993 2557 1116 2607 rationem
1129 2567 1269 2618 aspernans
1284 2576 1293 2597 ι
1306 2570 1313 2617 ;
1326 2556 1377 2605 uisi

305 2649 459 2699 alterutrum
472 2648 588 2707 omittas,
608 2648 726 2697 vitiosum
740 2646 768 2697 lit
780 2660 836 2697 roc.
849 2646 974 2709 bisarium.
986 2672 1018 2683 -
1029 2645 1043 2710 S
1054 2645 1094 2695 25.
1115 2646 1216 2695 Davisio
1228 2651 1376 2707 suspectum

306 2737 400 2786 merito
417 2735 464 2786 luit
483 2735 589 2785 verbum
609 2734 811 2797 ruricolonum
831 2734 918 2798 legere
938 2734 1064 2784 volebat:
1086 2734 1235 2784 «bonorum
1256 2732 1376 2794 opinione

305 2826 405 2874 turbant
418 2842 446 2883 ·;
464 2825 582 2888 equidem
599 2824 685 2873 malim
700 2824 848 2881 excitantur,
865 2836 911 2873 seu
924 2826 1071 2882 nascuntur,
1089 2823 1214 2871 oriuntur.
1228 2849 1258 2857 —
1270 2821 1377 2870 Cicero-

305 2925 365 2962 nem
383 2912 517 2975 scripsisse
535 2912 645 2973 opinor:
666 2933 676 2953 «
691 2918 719 2960 ut
730 2912 783 2961 ideo
799 2918 898 2961 rectum
911 2910 1026 2960 videatur
1038 2924 1097 2961 esse
1108 2911 1167 2972 augi
1181 2924 1211 2968 »ς
1229 2909 1306 2959 verba
1324 2909 1376 2958 «iu

306 3014 338 3051 ro
352 3019 365 3045 n
382 3001 516 3050 sententiae
528 3000 589 3049 nibil
601 3001 707 3049 addunt.
720 3027 750 3035 —
762 2999 872 3049 Omissio
886 2999 956 3049 rocis
967 2999 1037 3059 muli,
1051 3006 1109 3049 ante
1122 3003 1158 3060 ul,
1172 3011 1246 3060 qtram
1259 2998 1379 3061 proponit

305 3090 406 3149 ballue,
419 3088 563 3152 ambiguam
578 3095 679 3150 praestat
691 3088 824 3150 scriptoris
837 3094 959 3137 mentem.
972 3115 1002 3123 —
1015 3086 1164 3137 Sclroliastae
1177 3099 1278 3135 manum
1293 3099 1376 3149 agno-

306 3192 381 3229 scere
393 3177 455 3228 mibi
467 3177 557 3228 rideor
567 3178 593 3227 iu
605 3177 748 3227 sententia:
769 3177 820 3226 «id
837 3183 923 3227 autem
939 3184 980 3227 est
999 3184 1025 3226 ut
1037 3177 1060 3225 is
1076 3175 1119 3239 qui
1137 3174 1237 3237 doleat,
1258 3182 1377 3238 oportere

310 3268 431 3330 opinetur
443 3280 471 3315 se
488 3267 577 3316 dolere
588 3285 610 3314 r.

339 3351 398 3413 Xll,
411 3352 422 3414 ς
433 3350 474 3400 ab.
491 3350 544 3400 Non
562 3351 619 3399 sine
635 3364 711 3400 causa
729 3352 873 3414 suspicatur
886 3350 1021 3400 Ernestius
1039 3350 1105 3399 banc
1121 3347 1264 3422 παρένθεσιν
1280 3364 1285 3399 :
1311 3361 1377 3404 rest

307 3446 392 3488 autem
410 3438 549 3501 aegritudo,
567 3444 595 3487 ut
611 3438 726 3499 docebo,
745 3438 769 3487 in
789 3438 911 3500 opinione
930 3437 988 3486 mali
1004 3436 1117 3486 recentis
1131 3449 1160 3494 r;
1178 3434 1273 3484 etenim
1285 3433 1318 3484 ab
1331 3434 1379 3483 boc

308 3528 365 3577 loco
377 3527 458 3576 alleua
470 3533 524 3586 est,
542 3525 616 3587 cujus
627 3533 723 3575 motum
736 3534 762 3576 et
775 3533 890 3576 tenorem
908 3532 1062 3588 praepostere
1074 3524 1184 3587 rumpit;
1204 3530 1326 3586 praeterea
1348 3522 1380 3570 iis

307 3616 459 3666 contradicit
474 3628 531 3678 quae
548 3615 602 3676 §25
619 3615 687 3663 dicta
703 3622 772 3664 sunt.
784 3642 815 3650 -—
827 3615 881 3665 Nou
899 3615 983 3664 minus
1002 3614 1085 3663 alieno
1103 3612 1160 3662 loco
1178 3612 1259 3674 posita
1276 3611 1378 3660 ridetur

307 3704 434 3755 sententia
449 3720 455 3751 ι
474 3722 486 3745 r
501 3709 541 3752 est
552 3708 637 3751 autem
655 3702 789 3770 impudens
801 3702 885 3751 luctus
902 3714 1012 3751 moerore
1028 3714 1056 3750 se
1069 3700 1229 3751 conficientis
1247 3698 1315 3761 quod
1328 3698 1378 3746 im-

308 3807 399 3857 perare
412 3807 462 3843 non
475 3792 551 3842 liceat
562 3791 653 3841 liberis
667 3811 688 3853 ι,
706 3804 763 3854 quae
777 3804 933 3853 supervacua
946 3791 1074 3841 enarratio
1086 3803 1117 3840 ex
1130 3789 1262 3851 superiore
1280 3785 1376 3838 emble·

309 3890 377 3931 mate
390 3890 444 3931 orta
459 3889 508 3930 est.

340 3969 411 4031 xlll,
431 3969 497 4033 διδ.
516 3970 618 4019 Haerent
635 3969 718 4018 critici
735 3968 760 4017 in
781 3968 857 4031 hujus
875 3967 1010 4017 sententiae
1027 3965 1220 4028 explanatione:
1241 3963 1377 4027 «Epicuro

307 4065 392 4107 autem
411 4058 493 4120 placet
509 4058 655 4120 opinionem
675 4057 733 4107 mali
749 4056 926 4119 aegritudinem
944 4068 1002 4105 esse
1019 4061 1106 4104 natura
1122 4072 1143 4101 n.
1163 4052 1277 4113 llobree,
1291 4052 1378 4102 verbis

310 4145 480 4209 «opinionem
493 4146 552 4195 mali
566 4167 576 4187 ι
594 4146 695 4206 deletis,
709 4145 812 4209 legebat
825 4150 941 4200 nature·
954 4144 1030 4205 bale,
1040 4141 1235 4191 nisiriolentius
1247 4147 1326 4200 esset,
1339 4152 1380 4189 re-

310 4242 417 4297 poneret
437 4234 532 4297 efflccre
552 4249 597 4297 pro
616 4249 685 4289 esse,-
709 4236 831 4286 letiorem
849 4232 1001 4283 medicinam
1023 4230 1146 4281 adhibeas
1165 4230 1296 4294 legendo:
1321 4242 1378 4277 «ex
