3325 5159
355 672 408 727 156
619 665 660 725 itu
674 682 712 725 nr
727 680 852 725 ruutrcr
866 669 887 738 l,
909 680 1049 750 rut-nunu,
1064 668 1142 725 ott-tt

354 810 513 874 «siquando
527 830 548 859 ι.
560 838 591 846 -
602 810 614 871 5
626 810 665 860 60.
686 810 772 860 Codex
791 807 870 859 habet
887 820 934 858 scu
954 807 1013 857 «ab
1031 808 1115 859 auimo
1134 808 1272 859 reducebat
1286 827 1308 868 u,
1329 821 1376 859 seu
1388 809 1416 859 2·

350 913 425 950 manu
437 915 444 949 ε
457 918 470 945 u
482 900 560 949 animi
577 913 636 950 rere
655 899 805 958 ducebat»,
825 898 893 948 unde
911 898 1115 962 Weissenborn,
1135 912 1211 963 quem
1230 908 1356 964 sequutus
1374 907 1415 951 εει

352 990 472 1052 Halmius,
486 988 595 1053 conjecit
608 1005 614 1037 ε
627 1006 640 1034 u
653 988 686 1038 ab
697 988 783 1037 auimo
794 988 969 1037 removendam
980 987 1090 1039 ducebat
1104 1010 1126 1049 υ,
1139 988 1185 1039 sed
1198 988 1283 1051 potius
1293 988 1415 1051 scripsis-

352 1086 401 1139 set,
422 1079 521 1141 opinor,
540 1078 636 1127 Tullius
654 1078 814 1136 removebat,-
833 1077 919 1141 itaque
938 1077 1061 1128 Klotzium
1080 1090 1172 1142 sequar
1190 1077 1233 1141 qui
1252 1078 1323 1142 legit,
1343 1085 1371 1128 ut
1389 1078 1415 1128 i·

354 1181 462 1219 manus:
483 1167 658 1219 «seditionem
677 1168 810 1236 quamdam
828 1167 906 1217 animi
925 1179 983 1217 esse
1002 1164 1146 1217 ducebat».
1160 1168 1256 1218 -llon
1274 1179 1415 1232 repugnem

354 1257 485 1309 omissioni
498 1257 648 1308 verborum:
663 1270 738 1307 «eam
750 1256 858 1307 consilio
869 1256 954 1307 sedari
967 1255 1067 1307 uolebat
1077 1276 1099 1318 ι,
1111 1267 1168 1320 quae
1178 1256 1314 1307 admodum
1325 1257 1417 1319 probu-

353 1344 440 1397 hiliter
451 1346 551 1396 cuidam
563 1346 703 1397 enarratori
715 1344 851 1403 debentur,
864 1345 897 1395 oh
910 1345 1052 1395 hexametri
1064 1344 1210 1395 clausulam.
1224 1372 1254 1381 -
1270 1345 1366 1408 Opinor
1377 1346 1417 1395 le-

352 1436 464 1501 gendum
474 1448 532 1487 esse
545 1452 551 1485 r
566 1457 576 1480 «
590 1441 617 1486 ει
631 1436 691 1486 illud
704 1435 795 1485 oldclrio
806 1435 828 1485 si
842 1437 868 1486 iu
879 1435 971 1486 animis
982 1435 1052 1486 hom.
1065 1448 1119 1498 reg.
1134 1435 1269 1498 imperium
1279 1435 1323 1498 sit,
1341 1436 1417 1486 uuins

352 1526 407 1577 iore
419 1525 575 1577 dominatum
584 1539 612 1585 »3
625 1525 692 1589 quod
705 1523 795 1575 melius
807 1523 926 1588 congruit
933 1538 991 1574 cum
999 1524 1116 1587 imperat.
1126 1525 1196 1573 udde.
1204 1523 1416 1574 —Omittendum

353 1629 411 1666 esse
424 1615 486 1665 vidit
497 1615 612 1664 Osaunus
623 1614 679 1664 adu.
689 1614 813 1679 proferto,
826 1614 894 1665 inter
905 1627 955 1663 nou
967 1619 994 1664 ει
1004 1614 1128 1677 probarer,
1141 1620 1170 1663 ut
1181 1619 1222 1664 est
1232 1614 1299 1677 apud
1308 1614 1417 1665 Nonium

352 1712 378 1756 et
389 1705 415 1755 iu
427 1705 484 1756 cod.
497 1710 650 1755 correctum.

383 1796 435 1856 tlt,
449 1796 510 1857 §ct
527 1795 622 1859 Legem
634 1808 691 1844 cum
703 1793 776 1853 Maio,
790 1795 926 1856 Creuzero,
937 1794 1052 1844 Mosero:
1067 1795 1148 1842 «Tum
1157 1791 1238 1855 magis
1247 1792 1384 1842 adsentlere
1394 1812 1416 1852 ι,
1504 1810 1506 1815 ·

354 1898 399 1946 pro
412 1884 478 1947 vulg.
492 1882 638 1933 odremlore.
648 1882 781 1945 -lirlim,
794 1896 853 1933 cum
865 1881 972 1944 Halmio,
986 1900 999 1927 n
1008 1882 1030 1932 si
1042 1880 1291 1945 digulmudurunt».
1300 1881 1418 1931 -Greu

353 1986 404 2021 zer.
419 1979 446 2021 et
456 1972 508 2022 los.
522 1971 587 2021 Vict.
601 1971 714 2021 Clericus
726 1971 845 2022 uiderunt
862 1970 999 2034 legendum
1017 1983 1073 2021 esse
1087 1986 1093 2018 ε
1114 1969 1213 2034 «pluro
1231 1981 1272 2019 mc
1289 1968 1419 2019 dicturum

354 2068 415 2124 puto
430 2081 450 2109 ι.
468 2059 577 2110 Orellius
595 2073 654 2109 cum
674 2060 763 2109 Beiero
781 2059 861 2108 multo
879 2059 989 2122 scripsit.
1003 2086 1033 2095 -
1044 2058 1058 2123 5
1070 2057 1110 2109 63.
1130 2059 1223 2122 Legum
1240 2070 1299 2107 cum
1319 2053 1418 2108 Balaio:

355 2170 366 2194 ι
381 2151 430 2199 vim
442 2162 545 2199 aummoe
556 2149 690 2212 potestatis
699 2169 722 2211 ι,
735 2162 781 2212 pro
793 2162 855 2197 ruoe.
1278 2192 1281 2197 .

383 2239 458 2301 lllll,
471 2239 482 2301 5
494 2239 533 2288 65.
550 2238 658 2288 Tullium
670 2239 804 2301 scripsisse
817 2238 908 2300 opinor
922 2253 929 2285 ι
943 2236 994 2297 «at
1005 2238 1106 2300 quando
1119 2241 1202 2287 cutem
1214 2237 1350 2301 regliusto
1366 2238 1419 2288 vim

353 2328 461 2392 populus
478 2327 562 2378 attulit
566 2364 644 2377 ........
656 2340 718 2377 cene
730 2333 806 2390 putes
820 2331 863 2377 out
876 2340 946 2377 mare
957 2328 1037 2382 ullum
1048 2332 1092 2377 aut
1103 2328 1228 2396 {lammam
1240 2338 1298 2377 esse
1311 2333 1419 2389 mutam,

353 2425 402 2469 etc.
414 2438 435 2466 ».
448 2418 550 2468 Etenim
562 2417 688 2481 oppositio
701 2417 834 2467 iudicanda
849 2422 889 2466 εει
900 2417 926 2467 iu
934 2416 1068 2467 sententiae
1075 2416 1199 2479 principio
1208 2416 1275 2466 inter
1285 2420 1420 2480 tyrannum

354 2514 381 2559 et
392 2520 480 2571 regem
491 2506 597 2570 justum.
610 2505 688 2555 Plene
700 2505 829 2569 distinguo
842 2511 899 2568 post
911 2505 1105 2555 multitudinem.

384 2596 469 2656 xtttl,
486 2596 500 2660 5
516 2597 555 2646 ut.
574 2595 646 2659 apud
665 2595 781 2645 codicem
800 2595 913 2658 legitur:
933 2612 945 2639 u
963 2594 989 2644 in
1008 2601 1075 2644 tauta
1095 2594 1213 2644 libertate
1233 2612 1256 2656 u,
1274 2594 1322 2644 sed
1340 2606 1419 2657 supra

353 2688 454 2751 scriptae
465 2694 525 2737 sunt
536 2686 627 2737 litterae
638 2699 701 2750 puc;
712 2686 781 2737 uu'de
800 2686 880 2735 Heius
895 2684 956 2736 iecit
975 2686 1043 2749 puin,
1063 2684 1224 2745 Doederlein,
1243 2698 1319 2749 quem
1335 2686 1419 2737 secuti

354 2783 413 2846 suut
425 2776 533 2826 Orellius
544 2783 571 2827 et
582 2776 703 2834 Halmius,
716 2776 806 2840 loque:
819 2774 937 2839 equidem
950 2775 1035 2825 malim
1049 2794 1060 2818 ι
1073 2776 1099 2824 in
1112 2780 1178 2825 tanta
1191 2774 1235 2823 lib.
1246 2794 1258 2819 u
1271 2786 1327 2839 quae
1340 2774 1417 2825 uerba

355 2862 511 2924 respondent
522 2860 633 2924 grecis:
650 2856 695 2918 ὅση
715 2860 731 2918 η’
752 2860 862 2932 ἰσονομία
882 2862 923 2911 noi
943 2856 1061 2933 ἐλευθερία
1081 2861 1205 2932 piperum
1222 2866 1249 2911 et
1263 2860 1418 2924 distinguam

355 2944 411 2995 colo
422 2946 490 2995 iuter
501 2958 579 2995 voces
591 2943 701 2994 libertate
712 2951 738 2994 et
753 2957 849 2995 acaues
861 2946 937 2995 etiam
946 2964 959 2991 u
969 2959 976 3006 ;
988 2957 1046 2995 uam
1058 2947 1129 3008 apud
1147 2945 1276 2996 Platonem
1294 2947 1348 2995 ltaec
1366 2959 1418 2996 nou

355 3034 440 3083 statim
453 3026 689 3097 subiciunturque
701 3034 733 3085 de
745 3034 860 3093 canibus,
873 3041 923 3085 etc.
936 3034 1062 3085 dicuntur.

386 3122 470 3184 littv,
482 3124 494 3185 5
506 3122 546 3173 68.
564 3122 647 3172 Halim
660 3122 762 3185 legere:
779 3124 830 3173 «ad
843 3124 968 3174 sermonis
981 3124 1032 3173 mei
1043 3124 1130 3173 teriem
1140 3143 1161 3181 r,
1174 3136 1219 3186 pru
1233 3124 1298 3187 vulg.
1313 3137 1417 3186 morem,

354 3214 421 3277 quod
435 3218 520 3263 tuetur
532 3213 646 3263 Hoserus
658 3213 714 3263 loco
725 3214 757 3263 de
771 3214 850 3277 Legg.
865 3214 894 3271 ll,
904 3214 946 3277 59.
961 3213 1089 3264 Heinriclt.
1103 3212 1206 3276 conjicit
1217 3217 1340 3275 tenorem;
1355 3215 1417 3268 zell.

355 3303 558 3367 ouctorcm‚quod
572 3304 655 3366 placet
667 3304 772 3355 Halmio.
787 3331 818 3340 -
835 3304 921 3354 Aliena
933 3317 947 3353 a
959 3305 1091 3367 scriptoris
1107 3305 1221 3355 oratione
1238 3306 1300 3355 milrl
1316 3306 1418 3357 uidetur
1478 3347 1481 3353 .

354 3395 481 3446 sententia
494 3410 501 3442 ε
515 3412 527 3439 n
542 3395 701 3457 maximeque
713 3394 738 3444 in
751 3394 829 3444 rebus
841 3394 949 3457 publicis
960 3394 1046 3444 evenit
1060 3412 1082 3456 u,
1096 3408 1151 3459 quae
1163 3407 1307 3446 sermonem
1323 3395 1417 3447 frustra

357 3483 446 3533 tardat.
460 3483 552 3533 Hoser.
564 3483 663 3533 addidit
673 3483 699 3531 iu
709 3490 768 3533 aute
779 3483 868 3539 rebusr
881 3482 1010 3533 Heinrich.
1023 3483 1083 3533 velit
1094 3482 1181 3533 delere
1193 3484 1280 3533 euenit.
1290 3484 1418 3535 -llelius

356 3572 525 3634 responderet
537 3584 585 3620 vox
598 3572 717 3634 tgrouuis,
730 3584 805 3634 quam
818 3575 948 3635 tyrannus,
960 3579 1019 3623 ante
1030 3572 1145 3636 gignitur,
1159 3579 1188 3623 ut
1198 3571 1264 3636 apud
1278 3573 1418 3634 Platonem,
1448 3616 1452 3621 .

308 3666 310 3671 '
356 3659 452 3710 nomini
463 3659 575 3709 seruitus.

389 3748 460 3807 XLV,
473 3749 485 3811 5
497 3748 536 3798 69.
555 3747 638 3798 Facile
650 3760 751 3798 caream
763 3761 825 3799 voce
838 3749 943 3813 optinuit,
956 3757 1015 3801 aute
1027 3750 1283 3815 rerumpublicarum,
1297 3763 1354 3815 qum
1361 3751 1417 3802 Hul-

357 3840 408 3890 mio
421 3839 521 3889 videtur
532 3838 650 3889 delenda.
662 3866 692 3873 —
704 3838 810 3902 Legitur
821 3839 847 3889 in
859 3840 947 3890 codice
959 3858 972 3884 u
986 3842 1110 3903 permixta
1124 3841 1313 3891 commutatione
1330 3841 1419 3904 reipu-

357 3928 429 3979 blicae
439 3948 461 3992 ι,
475 3942 521 3991 pro
532 3940 581 3992 quta
593 3928 701 3978 lectione
713 3928 781 3979 edid.
795 3930 875 3979 Huius
887 3929 1086 3991 conformatione,
1100 3943 1175 3994 quem
1188 3930 1289 3994 sequuti
1297 3930 1418 3981 suntedi-

358 4027 444 4079 tores3
457 4031 506 4082 ego
518 4018 603 4067 malim
615 4019 797 4077 constitutione,
811 4024 840 4068 ut
853 4018 945 4082 legitur
958 4020 1032 4083 paulo
1043 4032 1118 4083 supra
1130 4027 1157 4069 et
1168 4018 1231 4069 inira
1244 3999 1258 4085 5
1269 4020 1309 4071 70.

388 4108 484 4166 XLVll,
497 4107 562 4172 571.
580 4108 662 4158 Habet
673 4109 753 4159 codex
773 4122 826 4158 rac
844 4115 914 4158 tuum
933 4109 1036 4172 quidem
1052 4122 1179 4171 munus»,
1200 4109 1267 4172 qnod
1284 4122 1335 4159 non
1351 4115 1419 4159 stare

359 4203 451 4260 potest,
464 4204 522 4259 post
533 4214 546 4241 n
561 4203 631 4248 tuum
644 4209 705 4247 tero
719 4211 747 4258 »;
760 4197 863 4260 scripsit
875 4197 954 4247 Halm.
969 4217 979 4241 ι
993 4211 1022 4247 ac
1040 4198 1144 4247 delitum
1160 4211 1186 4261 q.
1204 4210 1237 4248 m.
1254 4212 1282 4259 »ς
1300 4198 1418 4263 equidem

357 4285 538 4347 conieceram:
558 4299 612 4336 «ac
629 4287 722 4335 lurtum
740 4300 765 4349 q.
785 4300 819 4335 m.
834 4305 844 4328 ι
859 4313 889 4323 -
901 4286 1089 4349 comparativus
1105 4285 1233 4348 florentior
1250 4286 1283 4359 de
1301 4286 1418 4351 Scipione

358 4389 409 4426 uun
422 4375 473 4426 dici
484 4380 585 4437 potest;
597 4374 706 4425 retertur
718 4375 786 4424 euim
797 4375 830 4425 ad
842 4388 897 4425 voc.
910 4378 987 4425 statuo
994 4390 1002 4435 ;
1015 4375 1100 4439 ltaque
1112 4374 1212 4425 uidetur
1224 4374 1418 4439 aliquiddecsse

359 4466 426 4529 quod
438 4465 475 4516 sic
487 4464 618 4528 suppleam
631 4478 639 4527 3
651 4483 663 4509 u
677 4471 738 4514 tuno
750 4476 811 4515 uero
822 4464 880 4528 uuis
891 4463 942 4514 siue
954 4471 980 4515 te
991 4463 1072 4527 possit
1083 4474 1140 4515 εεεε
1152 4463 1301 4515 florentior?
1315 4483 1327 4507 ι
1346 4463 1419 4514 ltad-
