3325 5159
579 577 621 633 Du
640 583 763 634 ormcus
782 577 804 645 l,
824 587 893 646 1-111,
912 576 976 633 a-8.
1258 575 1309 632 lli

246 715 357 766 delectet
370 713 519 778 »aptiorem
532 713 872 776 locumobtinebit,opiuor,
885 712 976 762 siante
996 712 1072 761 uerba
1094 732 1103 755 ι
1118 711 1184 761 nulla
1204 718 1244 762 cst
1262 712 1310 775 igi·

248 813 288 855 tur
299 805 352 853 baec
364 805 473 854 amicitia
489 824 515 861 »,
529 804 637 868 legatur,
654 804 715 867 §98-

262 880 372 954 1111111,
386 895 400 956 l
413 893 466 943 too,
480 893 600 943 nesrnut
614 893 706 942 narret,
725 894 749 941 u
762 893 804 942 eu.
818 890 887 955 urps.
901 892 1010 941 anetum
1024 892 1109 950 virtus,
1124 892 1191 955 quon
1205 890 1307 954 regena-

245 989 286 1031 tur
296 983 364 1044 apud
376 980 514 1043 Orellium,
533 995 563 1031 ex
583 982 699 1044 plurimis
717 981 793 1031 codd.
806 990 833 1030 et
846 981 913 1043 quod
926 981 1048 1030 omiserat
1061 979 1140 1028 Halm.
1155 980 1180 1027 in
1194 980 1234 1029 ed.
1248 979 1309 1028 Tur.

247 1083 278 1118 ex
296 1071 373 1120 codd.
393 1083 444 1120 uon
463 1070 639 1132 paucioribus,
661 1084 708 1119 uec
727 1069 909 1120 deterioribus.
938 1097 969 1104 -
992 1069 1076 1117 Malim
1098 1090 1107 1109 ·
1127 1068 1227 1117 doctum
1244 1074 1307 1117 est»

248 1172 321 1222 qnam
336 1180 346 1202 ι
360 1160 506 1209 dictumest
520 1181 541 1207 ·.
561 1188 592 1194 -
609 1159 690 1222 §lob
703 1160 784 1216 Vere,
803 1159 909 1222 opinor,
929 1157 1015 1221 legere
1029 1157 1089 1206 uelit
1102 1156 1256 1206 Laumeier:
1272 1169 1310 1203 «e

249 1258 334 1300 nostra
346 1250 434 1299 utalia
446 1257 506 1299 aetas
518 1250 615 1299 oriatur
629 1266 657 1306 ις
677 1249 714 1298 sic
731 1263 781 1298 uon
794 1262 859 1311 opus
870 1249 964 1298 addere
979 1269 988 1290 ι
1004 1261 1034 1296 ex
1048 1247 1094 1296 alia
1110 1267 1120 1288 »
1134 1260 1191 1296 cum
1202 1246 1308 1305 Orellio,

248 1352 323 1402 quem
343 1340 458 1403 sequitur
479 1339 571 1389 Baiter.
591 1340 618 1387 in
629 1340 671 1389 cd.
684 1339 754 1401 Lips.
773 1366 804 1375 —
816 1338 830 1401 ᾗ
844 1338 898 1387 llil.
917 1338 1065 1387 Lambiuum
1078 1336 1207 1399 legentem
1218 1337 1309 1392 colotis,

249 1442 294 1491 pro
307 1429 396 1487 locella,
410 1428 521 1479 libenter
532 1441 635 1491 sequar.

488 1840 539 1908 DE
564 1839 730 1909 olricus
754 1840 872 1908 LIBER
894 1837 1054 1906 PRIMUS.

282 2224 304 2283 l,
318 2223 364 2284 §2-
383 2223 567 2273 Transiereoda
588 2223 650 2271 mibi
671 2223 787 2284 uidetur,
808 2223 876 2272 inter
894 2222 970 2272 verba
985 2238 992 2270 ι
1007 2243 1017 2264 ι
1034 2223 1065 2271 ad
1085 2222 1247 2272 iudicandum
1263 2243 1271 2261 ·
1286 2228 1312 2272 et

251 2334 261 2355 ι
275 2325 350 2376 quam
362 2312 396 2361 ob
408 2326 463 2362 rem
474 2312 559 2362 disces
573 2333 600 2370 ·,
614 2312 740 2362 sententia
753 2325 809 2375 quae
822 2312 847 2360 iu
861 2311 910 2361 fine
923 2311 970 2373 §12
983 2312 1077 2375 legitur
1090 2328 1097 2359 ι
1112 2332 1123 2355 u
1138 2311 1312 2361 Necuerolroc

248 2408 397 2464 arroganter
408 2402 504 2451 dictum
522 2400 662 2450 existimari
675 2400 776 2449 uelim..
791 2438 795 2447 .
808 2435 829 2448 ..
850 2400 958 2463 quodam
978 2401 1055 2450 modo
1075 2400 1202 2450 vindicare
1217 2420 1237 2446 ι.
1259 2399 1312 2449 Non

249 2490 317 2539 euim
329 2504 414 2540 coram
428 2490 479 2540 lilio
490 2490 641 2553 arrogantiae
653 2489 749 2538 crimen
762 2489 859 2538 'lollius
872 2488 1009 2538 formidare
1021 2488 1143 2546 debebat,
1156 2488 1223 2552 quod
1239 2487 1313 2538 facile

248 2579 398 2642 intelligitur
409 2593 440 2629 er
453 2580 485 2629 iis
496 2593 552 2644 quae
564 2592 622 2628 mox
635 2585 785 2641 sequuntur,
793 2584 820 2627 et
831 2578 864 2627 iis
876 2578 989 2641 quae§78
999 2576 1135 2640 leguntur:
1146 2599 1155 2618 ·‹
1167 2575 1313 2627 Liceteuim

248 2668 326 2727 milri,
339 2668 422 2717 llarce
434 2668 483 2730 nli,
495 2668 562 2731 apud
576 2675 600 2717 te
612 2666 730 2732 gloriari,
743 2674 793 2717 etc.
807 2673 834 2716 et
846 2668 857 2729 §
875 2668 920 2717 155
939 2680 961 2715 c.
982 2666 1074 2725 xttv;
1093 2667 1138 2716 sed
1158 2678 1243 2715 coram
1260 2677 1312 2714 suae

247 2750 329 2808 aetatis
340 2758 485 2809 bominibus
498 2759 522 2809 id
535 2771 657 2808 excusare
670 2766 791 2821 parerat.
804 2757 940 2815 Praeterea,
953 2756 1072 2821 quoniam
1084 2756 1116 2806 de
1128 2755 1243 2806 doctrina
1254 2754 1312 2818 pbi-

248 2848 379 2912 losopbica
391 2849 507 2899 modeste
519 2848 646 2912 loquitur.
667 2855 792 2898 memorat
809 2855 895 2897 autem
911 2853 1068 2911 quantopere
1081 2847 1129 2896 arti
1141 2846 1243 2897 dicendi
1255 2854 1313 2896 stu-

247 2938 348 2997 duerit,
360 2938 493 2988 confirmat
504 2950 560 3001 quae
578 2937 643 2987 dixit
657 2957 667 2980 ι
681 2950 709 2987 se
722 2950 841 3000 maguum
853 2937 968 2986 attulisse
980 2936 1154 2986 adiumentum
1168 2956 1178 2977 ι
1190 2973 1197 2992 ,
1210 2948 1257 2984 nec
1268 2947 1313 2983 ar-

249 3028 368 3093 rogantiae
379 3028 476 3078 crimen
490 3033 610 3077 meretur.
625 3027 754 3089 lienique,
774 3025 862 3075 uerbis
876 3025 913 3075 sic
926 3025 1065 3082 translatis,
1086 3023 1159 3074 lacile
1177 3030 1313 3073 nectuntur

249 3118 383 3167 sententiae
396 3132 403 3163 z
418 3139 428 3161 ι
442 3118 493 3168 Sed
505 3124 590 3166 tamen
602 3123 688 3166 nostra
701 3116 799 3179 legens.
812 3152 817 3161 .
829 3151 853 3164 ..
874 3115 990 3179 legendis
1002 3115 1097 3164 uostris
1109 3113 1248 3177 pleniorem
1264 3133 1273 3155 a
1288 3119 1314 3161 et

249 3226 260 3250 α
275 3206 465 3266 Quamobrem
478 3220 569 3270 magno
581 3219 659 3269 opere
672 3213 697 3255 te
709 3205 811 3266 hortor,
826 3212 876 3254 etc.
892 3224 904 3247 u
924 3232 955 3240 -
971 3203 1051 3253 Verba
1074 3224 1084 3246 ι
1098 3202 1286 3266 quamobrem
1301 3223 1310 3243 ι

250 3307 312 3345 uero
324 3295 442 3345 videntur
453 3294 534 3345 aliena
551 3302 630 3344 aute:
653 3294 762 3344 «disces
780 3300 808 3343 tu
827 3293 931 3356 quidem
946 3313 974 3354 ι,
993 3298 1020 3342 et
1038 3292 1088 3342 huc
1103 3292 1263 3354 irrepserunt
1281 3303 1312 3340 ex

192 3449 195 3454 .
249 3383 273 3445 §⁰
285 3382 314 3442 3,
326 3382 384 3445 quia
397 3383 549 3433 seutentiam
560 3383 644 3433 alieno
656 3382 713 3433 loco
725 3382 845 3445 scriptam
857 3380 1039 3444 sequebantur.

280 3471 309 3533 ll,
321 3472 333 3533 §
345 3473 369 3522 6.
383 3474 493 3522 Auctore
512 3472 598 3530 Balio,
613 3471 727 3521 balterus
740 3471 820 3521 edidit
835 3487 841 3518 :
856 3478 959 3534 propter
970 3483 998 3520 se
1007 3470 1098 3519 ducant
1107 3470 1277 3532 expetendam
1290 3490 1311 3524 ι.

250 3574 296 3623 pro
309 3559 376 3624 vulg.
389 3561 485 3619 dicant,
498 3561 566 3623 quod
578 3561 638 3610 dant
650 3560 725 3610 codd.
738 3587 767 3595 -
785 3558 799 3623 ᾗ
811 3561 836 3608 7.
849 3559 928 3609 Officii
941 3559 1115 3610 definitionem
1127 3558 1253 3608 excidisse
1267 3571 1313 3620 pn-

249 3649 322 3699 tatG.
335 3649 377 3699 Fr.
390 3650 484 3714 Unger.
498 3657 555 3713 post
567 3650 643 3698 verba
659 3665 664 3697 :
680 3671 690 3692 ι
705 3650 738 3699 de
751 3662 802 3712 quo
814 3649 961 3712 disputetur
975 3668 997 3712 r,
1012 3663 1067 3713 quac
1079 3649 1116 3698 sic
1128 3647 1182 3697 iere
1195 3648 1313 3697 enuncia-

249 3740 322 3789 batnr
336 3755 341 3787 :
358 3760 368 3782 e
381 3739 460 3789 Omne
473 3739 551 3802 igitur
562 3738 630 3802 quod
643 3738 742 3788 ratione
754 3745 839 3787 actum
852 3745 892 3787 est
904 3737 1013 3787 officium
1026 3736 1183 3800 appellamus
1197 3756 1218 3784 υ.
1232 3736 1315 3798 Unge-

249 3842 278 3879 ro
289 3828 421 3877 adhaerere
436 3828 537 3877 uidetur
550 3827 673 3888 Baiterus,
686 3826 730 3889 qui
743 3825 839 3875 lacunae
850 3826 950 3888 signum
964 3826 1064 3888 posnlt;
1077 3838 1125 3888 ego
1137 3823 1312 3875 uerol'ullium

248 3918 341 3980 opinor
352 3916 428 3966 officii
440 3917 569 3967 notionem
582 3916 608 3965 in
619 3914 767 3979 quaestionis
779 3913 904 3964 diuisione
916 3913 1153 3977 comprehendisse.

281 4006 322 4056 lll.
337 4006 366 4054 H.
381 4006 488 4056 Mutber.
503 4005 639 4069 legendum
651 4017 709 4054 esse
721 4003 820 4053 monuit
835 4018 840 4049 :
855 4024 865 4045 «
880 4016 934 4067 qooe
945 4010 1030 4053 autem
1041 4002 1179 4053 officiorum
1188 4009 1312 4065 praecepta

250 4096 383 4145 traduntur
398 4116 420 4157 ·,
434 4109 479 4157 pro
493 4095 560 4159 vulg,
574 4108 687 4159 quorum.
703 4093 711 4159 (
725 4094 754 4143 V.
774 4094 851 4156 Supp.
866 4093 958 4142 dduot.
980 4106 1003 4155 p.
1017 4091 1064 4142 tta
1076 4091 1138 4141 edit.
1153 4090 1262 4152 Baiter.)
1290 4119 1312 4127 -

249 4185 297 4249 58.
312 4184 448 4235 belendam
461 4197 518 4235 esse
531 4184 684 4234 sententiam
698 4200 704 4231 :
727 4203 736 4226 ι
751 4187 833 4247 Atque
851 4182 927 4231 etiam
947 4181 995 4230 alia
1015 4181 1107 4231 divisio
1126 4188 1165 4230 est
1177 4179 1261 4230 officii.
1272 4217 1277 4228 .
1290 4216 1311 4227 ..

249 4275 313 4323 ratio
326 4272 465 4336 probabilis
476 4273 550 4324 reddi
562 4274 642 4336 possit
656 4294 666 4316 ι
680 4280 769 4322 censet
781 4272 911 4335 Ungerus,
931 4284 1037 4335 eamque
1059 4270 1172 4320 Baiterus
1190 4269 1312 4329 seclusit;

250 4362 313 4412 mibi
323 4368 408 4412 autem
421 4361 595 4413 transferenda
609 4363 707 4413 ridetur
719 4362 794 4425 paulo
805 4373 895 4424 snpra,
908 4361 974 4411 inter
986 4360 1063 4410 uerba
1078 4377 1083 4409 :
1104 4382 1114 4403 ι
1129 4372 1185 4424 quae
1196 4365 1255 4409 sunt
1266 4372 1315 4423 qe-
