<?xml version="1.0" encoding="UTF-8"?>
<!DOCTYPE html PUBLIC "-//W3C//DTD XHTML 1.0 Transitional//EN"
    "http://www.w3.org/TR/xhtml1/DTD/xhtml1-transitional.dtd">
<html xmlns="http://www.w3.org/1999/xhtml" xml:lang="en" lang="en">
 <head>
  <title>
</title>
<meta http-equiv="Content-Type" content="text/html;charset=utf-8" />
  <meta name='ocr-system' content='tesseract 3.04.00' />
  <meta name='ocr-capabilities' content='ocr_page ocr_carea ocr_par ocr_line ocrx_word'/>
</head>
<body>
  <div class='ocr_page' id='page_1' title='image "./inciceronislibr00vaucgoog_0024.png"; bbox 0 0 3325 5159; ppageno 0'>
   <div class='ocr_carea' id='block_1_1' title="bbox 311 520 1138 594">
    <p class='ocr_par' dir='ltr' id='par_1_1' title="bbox 311 520 1138 594">
     <span class='ocr_line' id='line_1_1' title="bbox 311 520 1138 594; baseline 0.013 -22"><span class='ocrx_word' id='word_1_1' title='bbox 311 520 343 575; x_wconf 80' lang='lat' dir='ltr'>td</span> <span class='ocrx_word' id='word_1_2' title='bbox 546 521 586 577; x_wconf 83' lang='lat' dir='ltr'>Du</span> <span class='ocrx_word' id='word_1_3' title='bbox 600 534 714 578; x_wconf 87' lang='lat' dir='ltr'>rrrrnns</span> <span class='ocrx_word' id='word_1_4' title='bbox 729 534 866 579; x_wconf 83' lang='lat' dir='ltr'>noroenu</span> <span class='ocrx_word' id='word_1_5' title='bbox 882 525 904 594; x_wconf 90' lang='lat' dir='ltr'>l,</span> <span class='ocrx_word' id='word_1_6' title='bbox 920 537 1029 592; x_wconf 82' lang='lat' dir='ltr'>rut-rx,</span> <span class='ocrx_word' id='word_1_7' title='bbox 1045 526 1138 583; x_wconf 73' lang='grc' dir='ltr'>υ25-31,</span> 
     </span>
    </p>
   </div>
   <div class='ocr_carea' id='block_1_2' title="bbox 270 656 1413 2594">
    <p class='ocr_par' dir='ltr' id='par_1_2' title="bbox 302 656 1380 1436">
     <span class='ocr_line' id='line_1_2' title="bbox 310 656 1380 725; baseline 0.007 -18"><span class='ocrx_word' id='word_1_8' title='bbox 310 667 362 707; x_wconf 90' lang='lat' dir='ltr'>tam</span> <span class='ocrx_word' id='word_1_9' title='bbox 379 656 483 707; x_wconf 80' lang='lat' dir='ltr'>defendi</span> <span class='ocrx_word' id='word_1_10' title='bbox 501 670 593 719; x_wconf 86' lang='lat' dir='ltr'>posse;</span> <span class='ocrx_word' id='word_1_11' title='bbox 610 658 806 709; x_wconf 81' lang='lat' dir='ltr'>excludentibus</span> <span class='ocrx_word' id='word_1_12' title='bbox 825 673 887 710; x_wconf 86' lang='lat' dir='ltr'>vero</span> <span class='ocrx_word' id='word_1_13' title='bbox 907 660 1058 724; x_wconf 72' lang='lat' dir='ltr'><strong>refragatur,</strong></span> <span class='ocrx_word' id='word_1_14' title='bbox 1070 662 1205 725; x_wconf 72' lang='lat' dir='ltr'>additque:</span> <span class='ocrx_word' id='word_1_15' title='bbox 1220 682 1231 707; x_wconf 94' lang='grc' dir='ltr'>ιι</span> <span class='ocrx_word' id='word_1_16' title='bbox 1245 677 1297 714; x_wconf 92' lang='lat' dir='ltr'>non</span> <span class='ocrx_word' id='word_1_17' title='bbox 1310 665 1380 715; x_wconf 91' lang='lat' dir='ltr'>tule-</span> 
     </span>
     <span class='ocr_line' id='line_1_3' title="bbox 310 743 1378 811; baseline 0.011 -20"><span class='ocrx_word' id='word_1_18' title='bbox 310 750 369 792; x_wconf 91' lang='lat' dir='ltr'>runt</span> <span class='ocrx_word' id='word_1_19' title='bbox 386 743 412 792; x_wconf 92' lang='lat' dir='ltr'>in</span> <span class='ocrx_word' id='word_1_20' title='bbox 431 745 553 795; x_wconf 78' lang='lat' dir='ltr'><strong>Cicerone</strong></span> <span class='ocrx_word' id='word_1_21' title='bbox 569 759 678 808; x_wconf 84' lang='lat' dir='ltr'>naerum,</span> <span class='ocrx_word' id='word_1_22' title='bbox 698 754 724 795; x_wconf 88' lang='lat' dir='ltr'>at</span> <span class='ocrx_word' id='word_1_23' title='bbox 742 760 817 809; x_wconf 91' lang='lat' dir='ltr'>quam</span> <span class='ocrx_word' id='word_1_24' title='bbox 829 748 923 797; x_wconf 91' lang='lat' dir='ltr'>multos</span> <span class='ocrx_word' id='word_1_25' title='bbox 935 749 997 797; x_wconf 90' lang='lat' dir='ltr'>etin</span> <span class='ocrx_word' id='word_1_26' title='bbox 1010 748 1058 798; x_wconf 90' lang='lat' dir='ltr'>boo</span> <span class='ocrx_word' id='word_1_27' title='bbox 1071 762 1149 811; x_wconf 87' lang='lat' dir='ltr'>opere</span> <span class='ocrx_word' id='word_1_28' title='bbox 1163 757 1188 800; x_wconf 90' lang='lat' dir='ltr'>et</span> <span class='ocrx_word' id='word_1_29' title='bbox 1207 750 1232 800; x_wconf 92' lang='lat' dir='ltr'>in</span> <span class='ocrx_word' id='word_1_30' title='bbox 1246 752 1317 801; x_wconf 91' lang='lat' dir='ltr'>omni</span> <span class='ocrx_word' id='word_1_31' title='bbox 1329 752 1378 803; x_wconf 89' lang='lat' dir='ltr'>boc</span> 
     </span>
     <span class='ocr_line' id='line_1_4' title="bbox 307 831 1378 895; baseline 0.01 -16"><span class='ocrx_word' id='word_1_32' title='bbox 307 834 404 893; x_wconf 80' lang='lat' dir='ltr'>genere</span> <span class='ocrx_word' id='word_1_33' title='bbox 421 831 477 893; x_wconf 85' lang='lat' dir='ltr'>ejus</span> <span class='ocrx_word' id='word_1_34' title='bbox 495 834 647 895; x_wconf 90' lang='lat' dir='ltr'>scriptorum</span> <span class='ocrx_word' id='word_1_35' title='bbox 667 848 717 884; x_wconf 91' lang='lat' dir='ltr'>nou</span> <span class='ocrx_word' id='word_1_36' title='bbox 737 835 856 885; x_wconf 82' lang='lat' dir='ltr'>ridet-unt</span> <span class='ocrx_word' id='word_1_37' title='bbox 867 834 891 883; x_wconf 85' lang='lat' dir='ltr'>l»</span> <span class='ocrx_word' id='word_1_38' title='bbox 911 835 1087 885; x_wconf 86' lang='lat' dir='ltr'>Verumtamen</span> <span class='ocrx_word' id='word_1_39' title='bbox 1104 850 1154 887; x_wconf 92' lang='lat' dir='ltr'>non</span> <span class='ocrx_word' id='word_1_40' title='bbox 1172 838 1378 890; x_wconf 81' lang='lat' dir='ltr'>obliuiscendum</span> 
     </span>
     <span class='ocr_line' id='line_1_5' title="bbox 307 918 1377 993; baseline 0.01 -22"><span class='ocrx_word' id='word_1_41' title='bbox 307 923 387 984; x_wconf 88' lang='lat' dir='ltr'>ipsius</span> <span class='ocrx_word' id='word_1_42' title='bbox 399 925 528 975; x_wconf 85' lang='lat' dir='ltr'>Ciceronis</span> <span class='ocrx_word' id='word_1_43' title='bbox 540 918 693 989; x_wconf 68' lang='grc' dir='ltr'>αὐτόγραφον</span> <span class='ocrx_word' id='word_1_44' title='bbox 705 927 779 976; x_wconf 91' lang='lat' dir='ltr'>nobis</span> <span class='ocrx_word' id='word_1_45' title='bbox 792 928 893 987; x_wconf 80' lang='lat' dir='ltr'>deesse,</span> <span class='ocrx_word' id='word_1_46' title='bbox 907 928 1078 993; x_wconf 86' lang='lat' dir='ltr'>plurimasque</span> <span class='ocrx_word' id='word_1_47' title='bbox 1091 930 1186 979; x_wconf 91' lang='lat' dir='ltr'>erroris</span> <span class='ocrx_word' id='word_1_48' title='bbox 1200 931 1238 979; x_wconf 91' lang='lat' dir='ltr'>vel</span> <span class='ocrx_word' id='word_1_49' title='bbox 1247 932 1377 982; x_wconf 88' lang='lat' dir='ltr'>adultera·</span> 
     </span>
     <span class='ocr_line' id='line_1_6' title="bbox 307 1012 1377 1083; baseline 0.011 -24"><span class='ocrx_word' id='word_1_50' title='bbox 307 1012 382 1061; x_wconf 90' lang='lat' dir='ltr'>tionis</span> <span class='ocrx_word' id='word_1_51' title='bbox 400 1026 490 1063; x_wconf 90' lang='lat' dir='ltr'>causas</span> <span class='ocrx_word' id='word_1_52' title='bbox 508 1014 569 1066; x_wconf 93' lang='lat' dir='ltr'>illud</span> <span class='ocrx_word' id='word_1_53' title='bbox 592 1014 748 1065; x_wconf 77' lang='lat' dir='ltr'>multimodis</span> <span class='ocrx_word' id='word_1_54' title='bbox 768 1017 919 1079; x_wconf 89' lang='lat' dir='ltr'>turparisse.</span> <span class='ocrx_word' id='word_1_55' title='bbox 941 1017 1065 1081; x_wconf 85' lang='lat' dir='ltr'>Equidem</span> <span class='ocrx_word' id='word_1_56' title='bbox 1083 1020 1238 1068; x_wconf 88' lang='lat' dir='ltr'>senteutiam</span> <span class='ocrx_word' id='word_1_57' title='bbox 1250 1022 1377 1083; x_wconf 77' lang='lat' dir='ltr'>omittam,</span> 
     </span>
     <span class='ocr_line' id='line_1_7' title="bbox 306 1097 1376 1168; baseline 0.01 -24"><span class='ocrx_word' id='word_1_58' title='bbox 306 1097 420 1147; x_wconf 86' lang='lat' dir='ltr'>Baiterns</span> <span class='ocrx_word' id='word_1_59' title='bbox 438 1106 514 1149; x_wconf 88' lang='lat' dir='ltr'>tacet.</span> <span class='ocrx_word' id='word_1_60' title='bbox 526 1126 557 1133; x_wconf 89' lang='lat'>—</span> <span class='ocrx_word' id='word_1_61' title='bbox 569 1099 582 1161; x_wconf 65' lang='grc' dir='ltr'>ᾖ</span> <span class='ocrx_word' id='word_1_62' title='bbox 595 1100 635 1149; x_wconf 68' lang='lat'>⁹25.</span> <span class='ocrx_word' id='word_1_63' title='bbox 654 1100 801 1164; x_wconf 86' lang='lat' dir='ltr'>Legendum</span> <span class='ocrx_word' id='word_1_64' title='bbox 814 1102 920 1163; x_wconf 85' lang='lat' dir='ltr'>opinor:</span> <span class='ocrx_word' id='word_1_65' title='bbox 935 1122 945 1145; x_wconf 87' lang='grc' dir='ltr'>ι</span> <span class='ocrx_word' id='word_1_66' title='bbox 960 1104 1021 1165; x_wconf 92' lang='lat' dir='ltr'>quid</span> <span class='ocrx_word' id='word_1_67' title='bbox 1034 1103 1156 1165; x_wconf 85' lang='lat' dir='ltr'>bistorlae,</span> <span class='ocrx_word' id='word_1_68' title='bbox 1169 1105 1230 1168; x_wconf 90' lang='lat' dir='ltr'>quid</span> <span class='ocrx_word' id='word_1_69' title='bbox 1243 1114 1376 1168; x_wconf 86' lang='lat' dir='ltr'>poetarum</span> 
     </span>
     <span class='ocr_line' id='line_1_8' title="bbox 306 1188 1375 1258; baseline 0.009 -22"><span class='ocrx_word' id='word_1_70' title='bbox 306 1188 427 1250; x_wconf 78' lang='lat' dir='ltr'>evolutio,</span> <span class='ocrx_word' id='word_1_71' title='bbox 451 1197 501 1239; x_wconf 89' lang='lat' dir='ltr'>etc.</span> <span class='ocrx_word' id='word_1_72' title='bbox 517 1208 529 1233; x_wconf 87' lang='grc' dir='ltr'>ιι</span> <span class='ocrx_word' id='word_1_73' title='bbox 549 1190 651 1239; x_wconf 92' lang='lat' dir='ltr'>omissis</span> <span class='ocrx_word' id='word_1_74' title='bbox 663 1191 765 1240; x_wconf 80' lang='lat' dir='ltr'>verbis:</span> <span class='ocrx_word' id='word_1_75' title='bbox 782 1212 791 1232; x_wconf 84' lang='grc' dir='ltr'>ι</span> <span class='ocrx_word' id='word_1_76' title='bbox 806 1192 969 1256; x_wconf 80' lang='lat' dir='ltr'>cognitioque</span> <span class='ocrx_word' id='word_1_77' title='bbox 983 1207 1067 1243; x_wconf 85' lang='lat' dir='ltr'>rerum</span> <span class='ocrx_word' id='word_1_78' title='bbox 1079 1213 1100 1254; x_wconf 83' lang='grc' dir='ltr'>ιι,</span> <span class='ocrx_word' id='word_1_79' title='bbox 1114 1207 1170 1257; x_wconf 84' lang='lat' dir='ltr'>quae</span> <span class='ocrx_word' id='word_1_80' title='bbox 1182 1203 1282 1258; x_wconf 89' lang='lat' dir='ltr'>sumpta</span> <span class='ocrx_word' id='word_1_81' title='bbox 1295 1194 1375 1246; x_wconf 84' lang='lat' dir='ltr'>inisse</span> 
     </span>
     <span class='ocr_line' id='line_1_9' title="bbox 305 1277 1375 1346; baseline 0.006 -19"><span class='ocrx_word' id='word_1_82' title='bbox 305 1278 423 1327; x_wconf 88' lang='lat' dir='ltr'>ridentur</span> <span class='ocrx_word' id='word_1_83' title='bbox 442 1290 473 1326; x_wconf 85' lang='lat' dir='ltr'>ex</span> <span class='ocrx_word' id='word_1_84' title='bbox 497 1278 587 1327; x_wconf 85' lang='lat' dir='ltr'>eadem</span> <span class='ocrx_word' id='word_1_85' title='bbox 612 1277 718 1327; x_wconf 80' lang='lat' dir='ltr'>formula</span> <span class='ocrx_word' id='word_1_86' title='bbox 737 1291 811 1342; x_wconf 91' lang='lat' dir='ltr'>quam</span> <span class='ocrx_word' id='word_1_87' title='bbox 830 1279 894 1329; x_wconf 81' lang='lat' dir='ltr'>inira</span> <span class='ocrx_word' id='word_1_88' title='bbox 912 1280 985 1344; x_wconf 87' lang='lat' dir='ltr'>legis,</span> <span class='ocrx_word' id='word_1_89' title='bbox 999 1288 1085 1344; x_wconf 91' lang='lat' dir='ltr'>etqua</span> <span class='ocrx_word' id='word_1_90' title='bbox 1098 1282 1375 1346; x_wconf 80' lang='lat' dir='ltr'>designatnrdoetrina</span> 
     </span>
     <span class='ocr_line' id='line_1_10' title="bbox 302 1366 1374 1436; baseline 0.007 -22"><span class='ocrx_word' id='word_1_91' title='bbox 302 1367 352 1415; x_wconf 87' lang='lat' dir='ltr'>illis</span> <span class='ocrx_word' id='word_1_92' title='bbox 365 1367 447 1416; x_wconf 89' lang='lat' dir='ltr'>aliena</span> <span class='ocrx_word' id='word_1_93' title='bbox 459 1366 553 1430; x_wconf 89' lang='lat' dir='ltr'>qulbus</span> <span class='ocrx_word' id='word_1_94' title='bbox 564 1367 676 1417; x_wconf 85' lang='lat' dir='ltr'>Triarius</span> <span class='ocrx_word' id='word_1_95' title='bbox 687 1369 880 1432; x_wconf 88' lang='lat' dir='ltr'>Torquatusque</span> <span class='ocrx_word' id='word_1_96' title='bbox 893 1371 997 1421; x_wconf 85' lang='lat' dir='ltr'>student</span> <span class='ocrx_word' id='word_1_97' title='bbox 1011 1377 1037 1419; x_wconf 91' lang='lat' dir='ltr'>et</span> <span class='ocrx_word' id='word_1_98' title='bbox 1049 1371 1081 1420; x_wconf 92' lang='lat' dir='ltr'>de</span> <span class='ocrx_word' id='word_1_99' title='bbox 1094 1370 1187 1433; x_wconf 90' lang='lat' dir='ltr'>quibus</span> <span class='ocrx_word' id='word_1_100' title='bbox 1200 1384 1266 1421; x_wconf 91' lang='lat' dir='ltr'>nunc</span> <span class='ocrx_word' id='word_1_101' title='bbox 1279 1373 1374 1436; x_wconf 85' lang='lat' dir='ltr'>agitur.</span> 
     </span>
    </p>

    <p class='ocr_par' dir='ltr' id='par_1_3' title="bbox 270 1453 1413 2327">
     <span class='ocr_line' id='line_1_11' title="bbox 333 1453 1374 1523; baseline 0.007 -21"><span class='ocrx_word' id='word_1_102' title='bbox 333 1453 396 1515; x_wconf 85' lang='lat' dir='ltr'>Vlll,</span> <span class='ocrx_word' id='word_1_103' title='bbox 421 1453 434 1517; x_wconf 82' lang='lat'>§</span> <span class='ocrx_word' id='word_1_104' title='bbox 458 1454 500 1503; x_wconf 71' lang='lat' dir='ltr'>att.</span> <span class='ocrx_word' id='word_1_105' title='bbox 531 1455 590 1505; x_wconf 86' lang='lat' dir='ltr'>Post</span> <span class='ocrx_word' id='word_1_106' title='bbox 609 1457 702 1505; x_wconf 85' lang='lat' dir='ltr'>rerba:</span> <span class='ocrx_word' id='word_1_107' title='bbox 717 1477 729 1499; x_wconf 81' lang='grc' dir='ltr'>ιι</span> <span class='ocrx_word' id='word_1_108' title='bbox 743 1465 769 1507; x_wconf 91' lang='lat' dir='ltr'>et</span> <span class='ocrx_word' id='word_1_109' title='bbox 789 1458 832 1508; x_wconf 90' lang='lat' dir='ltr'>ille</span> <span class='ocrx_word' id='word_1_110' title='bbox 850 1459 941 1508; x_wconf 92' lang='lat' dir='ltr'>melius</span> <span class='ocrx_word' id='word_1_111' title='bbox 957 1477 979 1516; x_wconf 82' lang='grc' dir='ltr'>ιι,</span> <span class='ocrx_word' id='word_1_112' title='bbox 992 1458 1089 1509; x_wconf 91' lang='lat' dir='ltr'>addunt</span> <span class='ocrx_word' id='word_1_113' title='bbox 1109 1459 1224 1523; x_wconf 83' lang='lat' dir='ltr'>plerique</span> <span class='ocrx_word' id='word_1_114' title='bbox 1248 1460 1374 1510; x_wconf 74' lang='lat' dir='ltr'>codicesz</span> 
     </span>
     <span class='ocr_line' id='line_1_12' title="bbox 304 1543 1373 1611; baseline 0.004 -17"><span class='ocrx_word' id='word_1_115' title='bbox 304 1543 428 1594; x_wconf 81' lang='lat' dir='ltr'>»etenim</span> <span class='ocrx_word' id='word_1_116' title='bbox 446 1544 566 1607; x_wconf 91' lang='lat' dir='ltr'>qnoniam</span> <span class='ocrx_word' id='word_1_117' title='bbox 585 1546 708 1595; x_wconf 89' lang='lat' dir='ltr'>detractis</span> <span class='ocrx_word' id='word_1_118' title='bbox 725 1546 758 1596; x_wconf 92' lang='lat' dir='ltr'>de</span> <span class='ocrx_word' id='word_1_119' title='bbox 778 1546 882 1597; x_wconf 89' lang='lat' dir='ltr'>homine</span> <span class='ocrx_word' id='word_1_120' title='bbox 901 1548 1021 1597; x_wconf 88' lang='lat' dir='ltr'>sensibus</span> <span class='ocrx_word' id='word_1_121' title='bbox 1034 1566 1056 1608; x_wconf 82' lang='grc' dir='ltr'>ιι,</span> <span class='ocrx_word' id='word_1_122' title='bbox 1081 1561 1136 1610; x_wconf 73' lang='lat' dir='ltr'>quie</span> <span class='ocrx_word' id='word_1_123' title='bbox 1155 1548 1169 1611; x_wconf 64' lang='grc' dir='ltr'>ᾖ</span> <span class='ocrx_word' id='word_1_124' title='bbox 1188 1549 1219 1599; x_wconf 84' lang='grc'>30</span> <span class='ocrx_word' id='word_1_125' title='bbox 1242 1548 1373 1611; x_wconf 77' lang='lat' dir='ltr'>leguntur.</span> 
     </span>
     <span class='ocr_line' id='line_1_13' title="bbox 305 1631 1413 1701; baseline 0.009 -25"><span class='ocrx_word' id='word_1_126' title='bbox 305 1652 317 1676; x_wconf 83' lang='grc' dir='ltr'>ι</span> <span class='ocrx_word' id='word_1_127' title='bbox 331 1633 448 1682; x_wconf 77' lang='lat' dir='ltr'>lirratum</span> <span class='ocrx_word' id='word_1_128' title='bbox 461 1639 512 1693; x_wconf 81' lang='lat' dir='ltr'>est,</span> <span class='ocrx_word' id='word_1_129' title='bbox 524 1632 561 1681; x_wconf 89' lang='lat' dir='ltr'>ait</span> <span class='ocrx_word' id='word_1_130' title='bbox 572 1631 694 1697; x_wconf 76' lang='lat' dir='ltr'>iladvig,</span> <span class='ocrx_word' id='word_1_131' title='bbox 707 1648 785 1697; x_wconf 93' lang='lat' dir='ltr'>quum</span> <span class='ocrx_word' id='word_1_132' title='bbox 797 1636 829 1686; x_wconf 90' lang='lat' dir='ltr'>ad</span> <span class='ocrx_word' id='word_1_133' title='bbox 842 1648 932 1685; x_wconf 90' lang='lat' dir='ltr'>noram</span> <span class='ocrx_word' id='word_1_134' title='bbox 950 1636 1066 1699; x_wconf 82' lang='lat' dir='ltr'>paginam</span> <span class='ocrx_word' id='word_1_135' title='bbox 1083 1637 1194 1699; x_wconf 88' lang='lat' dir='ltr'>exempli</span> <span class='ocrx_word' id='word_1_136' title='bbox 1214 1638 1376 1699; x_wconf 78' lang='lat' dir='ltr'>transiretur,</span> <span class='ocrx_word' id='word_1_137' title='bbox 1411 1697 1413 1701; x_wconf 15' lang='grc' dir='ltr'><em>Α</em></span> 
     </span>
     <span class='ocr_line' id='line_1_14' title="bbox 305 1722 1374 1788; baseline 0.005 -18"><span class='ocrx_word' id='word_1_138' title='bbox 305 1741 316 1765; x_wconf 90' lang='grc' dir='ltr'>ι</span> <span class='ocrx_word' id='word_1_139' title='bbox 330 1735 377 1771; x_wconf 84' lang='lat' dir='ltr'>nee</span> <span class='ocrx_word' id='word_1_140' title='bbox 391 1731 477 1785; x_wconf 89' lang='lat' dir='ltr'>postea</span> <span class='ocrx_word' id='word_1_141' title='bbox 490 1722 582 1779; x_wconf 88' lang='lat' dir='ltr'>deleta,</span> <span class='ocrx_word' id='word_1_142' title='bbox 596 1735 652 1785; x_wconf 90' lang='lat' dir='ltr'>quae</span> <span class='ocrx_word' id='word_1_143' title='bbox 664 1737 740 1785; x_wconf 88' lang='lat' dir='ltr'>prave</span> <span class='ocrx_word' id='word_1_144' title='bbox 752 1725 848 1786; x_wconf 90' lang='lat' dir='ltr'>scripta</span> <span class='ocrx_word' id='word_1_145' title='bbox 861 1731 933 1774; x_wconf 89' lang='lat' dir='ltr'>erant</span> <span class='ocrx_word' id='word_1_146' title='bbox 942 1726 1049 1774; x_wconf 65' lang='lat' dir='ltr'>eTacet</span> <span class='ocrx_word' id='word_1_147' title='bbox 1066 1725 1158 1775; x_wconf 80' lang='lat' dir='ltr'>Baiter.</span> <span class='ocrx_word' id='word_1_148' title='bbox 1167 1725 1265 1788; x_wconf 72' lang='lat'><strong>-§27.</strong></span> <span class='ocrx_word' id='word_1_149' title='bbox 1274 1726 1374 1775; x_wconf 84' lang='lat' dir='ltr'>beesse</span> 
     </span>
     <span class='ocr_line' id='line_1_15' title="bbox 309 1809 1376 1876; baseline 0.006 -18"><span class='ocrx_word' id='word_1_150' title='bbox 309 1809 410 1859; x_wconf 88' lang='lat' dir='ltr'>ridetur</span> <span class='ocrx_word' id='word_1_151' title='bbox 422 1810 549 1872; x_wconf 89' lang='lat' dir='ltr'>oppositio</span> <span class='ocrx_word' id='word_1_152' title='bbox 562 1816 619 1872; x_wconf 92' lang='lat' dir='ltr'>post</span> <span class='ocrx_word' id='word_1_153' title='bbox 631 1824 719 1861; x_wconf 90' lang='lat' dir='ltr'>rocem</span> <span class='ocrx_word' id='word_1_154' title='bbox 731 1812 871 1870; x_wconf 76' lang='lat' dir='ltr'>maledicto,</span> <span class='ocrx_word' id='word_1_155' title='bbox 881 1824 937 1875; x_wconf 86' lang='lat' dir='ltr'>quae</span> <span class='ocrx_word' id='word_1_156' title='bbox 949 1811 1057 1862; x_wconf 83' lang='lat' dir='ltr'>fortasse</span> <span class='ocrx_word' id='word_1_157' title='bbox 1070 1811 1131 1862; x_wconf 90' lang='lat' dir='ltr'>latet</span> <span class='ocrx_word' id='word_1_158' title='bbox 1142 1814 1168 1862; x_wconf 94' lang='lat' dir='ltr'>in</span> <span class='ocrx_word' id='word_1_159' title='bbox 1181 1814 1376 1876; x_wconf 84' lang='lat' dir='ltr'>particulatam,</span> 
     </span>
     <span class='ocr_line' id='line_1_16' title="bbox 270 1899 1378 1965; baseline 0.005 -17"><span class='ocrx_word' id='word_1_160' title='bbox 270 1916 272 1920; x_wconf 94' lang='lat'>·</span> <span class='ocrx_word' id='word_1_161' title='bbox 304 1899 373 1962; x_wconf 91' lang='lat' dir='ltr'>quod</span> <span class='ocrx_word' id='word_1_162' title='bbox 399 1900 483 1962; x_wconf 83' lang='lat' dir='ltr'>prodit</span> <span class='ocrx_word' id='word_1_163' title='bbox 507 1899 696 1961; x_wconf 85' lang='lat' dir='ltr'>interpolatoris</span> <span class='ocrx_word' id='word_1_164' title='bbox 715 1912 834 1961; x_wconf 66' lang='lat' dir='ltr'>manuum</span> <span class='ocrx_word' id='word_1_165' title='bbox 846 1900 931 1964; x_wconf 85' lang='lat' dir='ltr'>itaque</span> <span class='ocrx_word' id='word_1_166' title='bbox 944 1901 1039 1965; x_wconf 82' lang='lat' dir='ltr'>legam:</span> <span class='ocrx_word' id='word_1_167' title='bbox 1053 1920 1065 1947; x_wconf 86' lang='grc' dir='ltr'>ιι</span> <span class='ocrx_word' id='word_1_168' title='bbox 1079 1903 1213 1953; x_wconf 87' lang='lat' dir='ltr'>maledicta</span> <span class='ocrx_word' id='word_1_169' title='bbox 1226 1907 1310 1953; x_wconf 85' lang='lat' dir='ltr'>autem</span> <span class='ocrx_word' id='word_1_170' title='bbox 1322 1904 1378 1953; x_wconf 88' lang='lat' dir='ltr'>ira-</span> 
     </span>
     <span class='ocr_line' id='line_1_17' title="bbox 302 1990 1377 2056; baseline 0.004 -16"><span class='ocrx_word' id='word_1_171' title='bbox 302 1991 401 2041; x_wconf 89' lang='lat' dir='ltr'>eundiae</span> <span class='ocrx_word' id='word_1_172' title='bbox 417 1990 671 2053; x_wconf 83' lang='lat' dir='ltr'>concertationesque</span> <span class='ocrx_word' id='word_1_173' title='bbox 689 1991 842 2053; x_wconf 87' lang='lat' dir='ltr'>pertinaces,</span> <span class='ocrx_word' id='word_1_174' title='bbox 862 1991 974 2055; x_wconf 73' lang='lat' dir='ltr'>indignae</span> <span class='ocrx_word' id='word_1_175' title='bbox 986 1992 1147 2056; x_wconf 84' lang='lat' dir='ltr'>philosophia</span> <span class='ocrx_word' id='word_1_176' title='bbox 1159 1994 1221 2043; x_wconf 91' lang='lat' dir='ltr'>mibi</span> <span class='ocrx_word' id='word_1_177' title='bbox 1234 1993 1316 2043; x_wconf 90' lang='lat' dir='ltr'>videri</span> <span class='ocrx_word' id='word_1_178' title='bbox 1328 2006 1377 2044; x_wconf 90' lang='lat' dir='ltr'>so-</span> 
     </span>
     <span class='ocr_line' id='line_1_18' title="bbox 303 2078 1375 2146; baseline 0.004 -19"><span class='ocrx_word' id='word_1_179' title='bbox 303 2079 382 2128; x_wconf 81' lang='lat' dir='ltr'>lent».</span> <span class='ocrx_word' id='word_1_180' title='bbox 406 2078 538 2129; x_wconf 89' lang='lat' dir='ltr'>Genitirus</span> <span class='ocrx_word' id='word_1_181' title='bbox 558 2079 693 2127; x_wconf 80' lang='lat' dir='ltr'>iracundia</span> <span class='ocrx_word' id='word_1_182' title='bbox 706 2079 800 2141; x_wconf 92' lang='lat' dir='ltr'>pendet</span> <span class='ocrx_word' id='word_1_183' title='bbox 816 2091 830 2128; x_wconf 89' lang='lat' dir='ltr'>a</span> <span class='ocrx_word' id='word_1_184' title='bbox 848 2093 910 2129; x_wconf 88' lang='lat' dir='ltr'>voce</span> <span class='ocrx_word' id='word_1_185' title='bbox 922 2081 1069 2143; x_wconf 80' lang='lat' dir='ltr'>molediotu3</span> <span class='ocrx_word' id='word_1_186' title='bbox 1085 2082 1160 2132; x_wconf 89' lang='lat' dir='ltr'>rerba</span> <span class='ocrx_word' id='word_1_187' title='bbox 1181 2082 1207 2131; x_wconf 88' lang='lat' dir='ltr'>iu</span> <span class='ocrx_word' id='word_1_188' title='bbox 1227 2083 1375 2146; x_wconf 83' lang='lat' dir='ltr'>disputando</span> 
     </span>
     <span class='ocr_line' id='line_1_19' title="bbox 302 2168 1376 2235; baseline 0.006 -18"><span class='ocrx_word' id='word_1_189' title='bbox 302 2182 359 2231; x_wconf 73' lang='lat' dir='ltr'>quta</span> <span class='ocrx_word' id='word_1_190' title='bbox 374 2168 503 2218; x_wconf 82' lang='lat' dir='ltr'>abundant</span> <span class='ocrx_word' id='word_1_191' title='bbox 521 2168 639 2217; x_wconf 91' lang='lat' dir='ltr'>absunta</span> <span class='ocrx_word' id='word_1_192' title='bbox 652 2168 780 2218; x_wconf 90' lang='lat' dir='ltr'>nonnullis</span> <span class='ocrx_word' id='word_1_193' title='bbox 796 2170 872 2220; x_wconf 91' lang='lat' dir='ltr'>codd.</span> <span class='ocrx_word' id='word_1_194' title='bbox 881 2197 912 2205; x_wconf 92' lang='lat'>-</span> <span class='ocrx_word' id='word_1_195' title='bbox 924 2170 938 2234; x_wconf 80' lang='lat'>§</span> <span class='ocrx_word' id='word_1_196' title='bbox 950 2171 990 2221; x_wconf 67' lang='lat'>28.</span> <span class='ocrx_word' id='word_1_197' title='bbox 1011 2171 1074 2232; x_wconf 84' lang='lat' dir='ltr'>Quid</span> <span class='ocrx_word' id='word_1_198' title='bbox 1088 2174 1192 2235; x_wconf 90' lang='lat' dir='ltr'>prodest</span> <span class='ocrx_word' id='word_1_199' title='bbox 1205 2172 1311 2223; x_wconf 87' lang='lat' dir='ltr'>verbnm</span> <span class='ocrx_word' id='word_1_200' title='bbox 1323 2173 1376 2223; x_wconf 83' lang='lat' dir='ltr'>dis-</span> 
     </span>
     <span class='ocr_line' id='line_1_20' title="bbox 300 2258 1287 2327; baseline 0.006 -20"><span class='ocrx_word' id='word_1_201' title='bbox 300 2258 392 2322; x_wconf 84' lang='lat' dir='ltr'>putari,</span> <span class='ocrx_word' id='word_1_202' title='bbox 407 2266 464 2321; x_wconf 88' lang='lat' dir='ltr'>post</span> <span class='ocrx_word' id='word_1_203' title='bbox 476 2272 552 2321; x_wconf 82' lang='lat' dir='ltr'>oeque</span> <span class='ocrx_word' id='word_1_204' title='bbox 565 2260 640 2316; x_wconf 86' lang='lat' dir='ltr'>culm,</span> <span class='ocrx_word' id='word_1_205' title='bbox 654 2259 772 2322; x_wconf 89' lang='lat' dir='ltr'>quoniam</span> <span class='ocrx_word' id='word_1_206' title='bbox 785 2260 879 2323; x_wconf 83' lang='lat' dir='ltr'>legitur</span> <span class='ocrx_word' id='word_1_207' title='bbox 891 2273 965 2311; x_wconf 89' lang='lat' dir='ltr'>versu</span> <span class='ocrx_word' id='word_1_208' title='bbox 980 2263 1105 2324; x_wconf 86' lang='lat' dir='ltr'>proximo,</span> <span class='ocrx_word' id='word_1_209' title='bbox 1118 2270 1177 2313; x_wconf 90' lang='lat' dir='ltr'>ante</span> <span class='ocrx_word' id='word_1_210' title='bbox 1189 2264 1287 2327; x_wconf 80' lang='lat' dir='ltr'>potest?</span> 
     </span>
    </p>

    <p class='ocr_par' dir='ltr' id='par_1_4' title="bbox 302 2346 1375 2594">
     <span class='ocr_line' id='line_1_21' title="bbox 333 2346 1372 2413; baseline 0.006 -18"><span class='ocrx_word' id='word_1_211' title='bbox 333 2347 374 2408; x_wconf 85' lang='lat' dir='ltr'>lx,</span> <span class='ocrx_word' id='word_1_212' title='bbox 387 2346 401 2410; x_wconf 66' lang='grc'>5</span> <span class='ocrx_word' id='word_1_213' title='bbox 413 2346 453 2396; x_wconf 67' lang='grc'>29.</span> <span class='ocrx_word' id='word_1_214' title='bbox 467 2346 558 2396; x_wconf 88' lang='lat' dir='ltr'>llerito</span> <span class='ocrx_word' id='word_1_215' title='bbox 571 2354 716 2409; x_wconf 85' lang='lat' dir='ltr'>suspectam</span> <span class='ocrx_word' id='word_1_216' title='bbox 729 2347 824 2397; x_wconf 90' lang='lat' dir='ltr'>babent</span> <span class='ocrx_word' id='word_1_217' title='bbox 837 2348 1054 2413; x_wconf 88' lang='lat' dir='ltr'>omittendamque</span> <span class='ocrx_word' id='word_1_218' title='bbox 1066 2359 1174 2401; x_wconf 89' lang='lat' dir='ltr'>censent</span> <span class='ocrx_word' id='word_1_219' title='bbox 1187 2352 1301 2401; x_wconf 84' lang='lat' dir='ltr'>llarisins</span> <span class='ocrx_word' id='word_1_220' title='bbox 1312 2352 1372 2401; x_wconf 86' lang='lat' dir='ltr'>alii-</span> 
     </span>
     <span class='ocr_line' id='line_1_22' title="bbox 302 2435 1375 2503; baseline 0.005 -17"><span class='ocrx_word' id='word_1_221' title='bbox 302 2450 353 2500; x_wconf 89' lang='lat' dir='ltr'>que</span> <span class='ocrx_word' id='word_1_222' title='bbox 369 2436 453 2486; x_wconf 89' lang='lat' dir='ltr'>critiei</span> <span class='ocrx_word' id='word_1_223' title='bbox 472 2435 547 2486; x_wconf 86' lang='lat' dir='ltr'>istam</span> <span class='ocrx_word' id='word_1_224' title='bbox 563 2436 640 2485; x_wconf 86' lang='lat' dir='ltr'>toties</span> <span class='ocrx_word' id='word_1_225' title='bbox 652 2436 787 2499; x_wconf 82' lang='lat' dir='ltr'>repetitam</span> <span class='ocrx_word' id='word_1_226' title='bbox 800 2437 949 2488; x_wconf 82' lang='lat' dir='ltr'>turmulam:</span> <span class='ocrx_word' id='word_1_227' title='bbox 964 2457 975 2482; x_wconf 92' lang='grc' dir='ltr'>ι</span> <span class='ocrx_word' id='word_1_228' title='bbox 989 2440 1056 2503; x_wconf 89' lang='lat' dir='ltr'>quod</span> <span class='ocrx_word' id='word_1_229' title='bbox 1068 2452 1194 2491; x_wconf 89' lang='lat' dir='ltr'>summum</span> <span class='ocrx_word' id='word_1_230' title='bbox 1207 2441 1301 2491; x_wconf 92' lang='lat' dir='ltr'>bonum</span> <span class='ocrx_word' id='word_1_231' title='bbox 1314 2453 1375 2491; x_wconf 89' lang='lat' dir='ltr'>esse</span> 
     </span>
     <span class='ocr_line' id='line_1_23' title="bbox 302 2526 1373 2594; baseline 0.005 -19"><span class='ocrx_word' id='word_1_232' title='bbox 302 2526 355 2575; x_wconf 88' lang='lat' dir='ltr'>ruit</span> <span class='ocrx_word' id='word_1_233' title='bbox 373 2537 551 2589; x_wconf 87' lang='lat' dir='ltr'>summumque</span> <span class='ocrx_word' id='word_1_234' title='bbox 570 2526 663 2575; x_wconf 90' lang='lat' dir='ltr'>malum</span> <span class='ocrx_word' id='word_1_235' title='bbox 682 2526 796 2576; x_wconf 93' lang='lat' dir='ltr'>dolorem</span> <span class='ocrx_word' id='word_1_236' title='bbox 809 2545 831 2588; x_wconf 90' lang='grc' dir='ltr'>ιι,</span> <span class='ocrx_word' id='word_1_237' title='bbox 845 2540 901 2590; x_wconf 80' lang='lat' dir='ltr'>quse</span> <span class='ocrx_word' id='word_1_238' title='bbox 928 2528 985 2577; x_wconf 90' lang='lat' dir='ltr'>sine</span> <span class='ocrx_word' id='word_1_239' title='bbox 1001 2527 1053 2577; x_wconf 90' lang='lat' dir='ltr'>ullo</span> <span class='ocrx_word' id='word_1_240' title='bbox 1077 2530 1264 2594; x_wconf 87' lang='lat' dir='ltr'>perspicuitatis</span> <span class='ocrx_word' id='word_1_241' title='bbox 1287 2530 1373 2580; x_wconf 82' lang='lat' dir='ltr'>fructu</span> 
     </span>
    </p>
   </div>
   <div class='ocr_carea' id='block_1_3' title="bbox 271 2603 1389 2771">
    <p class='ocr_par' dir='ltr' id='par_1_5' title="bbox 271 2603 1389 2771">
     <span class='ocr_line' id='line_1_24' title="bbox 271 2603 1389 2695; baseline 0.004 -32"><span class='ocrx_word' id='word_1_242' title='bbox 271 2655 274 2663; x_wconf 83' lang='lat'><em>.</em></span> <span class='ocrx_word' id='word_1_243' title='bbox 301 2616 443 2665; x_wconf 90' lang='lat' dir='ltr'>orationem</span> <span class='ocrx_word' id='word_1_244' title='bbox 463 2616 545 2665; x_wconf 90' lang='lat' dir='ltr'>tardat</span> <span class='ocrx_word' id='word_1_245' title='bbox 562 2603 689 2678; x_wconf 84' lang='lat' dir='ltr'>auresque</span> <span class='ocrx_word' id='word_1_246' title='bbox 705 2614 822 2665; x_wconf 79' lang='lat' dir='ltr'>offendit.</span> <span class='ocrx_word' id='word_1_247' title='bbox 837 2616 953 2666; x_wconf 90' lang='lat' dir='ltr'>Baiterns</span> <span class='ocrx_word' id='word_1_248' title='bbox 966 2624 1042 2667; x_wconf 88' lang='lat' dir='ltr'>tacet.</span> <span class='ocrx_word' id='word_1_249' title='bbox 1055 2646 1083 2653; x_wconf 96' lang='lat'><strong>—</strong></span> <span class='ocrx_word' id='word_1_250' title='bbox 1097 2618 1111 2682; x_wconf 83' lang='lat'>§</span> <span class='ocrx_word' id='word_1_251' title='bbox 1123 2619 1162 2669; x_wconf 87' lang='lat'>30.</span> <span class='ocrx_word' id='word_1_252' title='bbox 1176 2620 1296 2681; x_wconf 88' lang='lat' dir='ltr'>Suspicor</span> <span class='ocrx_word' id='word_1_253' title='bbox 1308 2619 1389 2695; x_wconf 54' lang='lat' dir='ltr'>bancx</span> 
     </span>
     <span class='ocr_line' id='line_1_25' title="bbox 301 2703 1371 2771; baseline 0.004 -18"><span class='ocrx_word' id='word_1_254' title='bbox 301 2703 456 2754; x_wconf 85' lang='lat' dir='ltr'>clausulam:</span> <span class='ocrx_word' id='word_1_255' title='bbox 471 2723 482 2747; x_wconf 83' lang='grc' dir='ltr'>ι</span> <span class='ocrx_word' id='word_1_256' title='bbox 497 2704 583 2767; x_wconf 90' lang='lat' dir='ltr'>ltaque</span> <span class='ocrx_word' id='word_1_257' title='bbox 601 2711 678 2767; x_wconf 83' lang='lat' dir='ltr'>negat</span> <span class='ocrx_word' id='word_1_258' title='bbox 696 2716 760 2767; x_wconf 93' lang='lat' dir='ltr'>opns</span> <span class='ocrx_word' id='word_1_259' title='bbox 772 2717 830 2754; x_wconf 90' lang='lat' dir='ltr'>esse</span> <span class='ocrx_word' id='word_1_260' title='bbox 845 2705 943 2755; x_wconf 89' lang='lat' dir='ltr'>ratione</span> <span class='ocrx_word' id='word_1_261' title='bbox 955 2719 1038 2770; x_wconf 90' lang='lat' dir='ltr'>neque</span> <span class='ocrx_word' id='word_1_262' title='bbox 1050 2707 1230 2769; x_wconf 86' lang='lat' dir='ltr'>disputatione,</span> <span class='ocrx_word' id='word_1_263' title='bbox 1243 2709 1371 2771; x_wconf 90' lang='lat' dir='ltr'>quamob-</span> 
     </span>
    </p>
   </div>
   <div class='ocr_carea' id='block_1_4' title="bbox 296 2791 1373 4368">
    <p class='ocr_par' dir='ltr' id='par_1_6' title="bbox 296 2791 1373 4368">
     <span class='ocr_line' id='line_1_26' title="bbox 302 2791 1373 2856; baseline 0.007 -16"><span class='ocrx_word' id='word_1_264' title='bbox 302 2805 356 2841; x_wconf 90' lang='lat' dir='ltr'>rem</span> <span class='ocrx_word' id='word_1_265' title='bbox 369 2791 485 2854; x_wconf 87' lang='lat' dir='ltr'>roluptas</span> <span class='ocrx_word' id='word_1_266' title='bbox 496 2792 640 2854; x_wconf 87' lang='lat' dir='ltr'>expetenda</span> <span class='ocrx_word' id='word_1_267' title='bbox 652 2791 840 2856; x_wconf 79' lang='lat' dir='ltr'>fugiendusque</span> <span class='ocrx_word' id='word_1_268' title='bbox 852 2792 925 2843; x_wconf 91' lang='lat' dir='ltr'>dolor</span> <span class='ocrx_word' id='word_1_269' title='bbox 937 2793 979 2843; x_wconf 91' lang='lat' dir='ltr'>sit.</span> <span class='ocrx_word' id='word_1_270' title='bbox 995 2813 1007 2837; x_wconf 94' lang='grc' dir='ltr'>ιι</span> <span class='ocrx_word' id='word_1_271' title='bbox 1019 2794 1053 2843; x_wconf 89' lang='lat' dir='ltr'>ab</span> <span class='ocrx_word' id='word_1_272' title='bbox 1064 2794 1112 2844; x_wconf 91' lang='lat' dir='ltr'>boc</span> <span class='ocrx_word' id='word_1_273' title='bbox 1120 2794 1176 2845; x_wconf 90' lang='lat' dir='ltr'>loco</span> <span class='ocrx_word' id='word_1_274' title='bbox 1184 2795 1373 2855; x_wconf 81' lang='lat' dir='ltr'>alienamesse;</span> 
     </span>
     <span class='ocr_line' id='line_1_27' title="bbox 301 2879 1371 2958; baseline 0.006 -30"><span class='ocrx_word' id='word_1_275' title='bbox 301 2881 359 2944; x_wconf 90' lang='lat' dir='ltr'>quia</span> <span class='ocrx_word' id='word_1_276' title='bbox 379 2893 428 2930; x_wconf 89' lang='lat' dir='ltr'>nou</span> <span class='ocrx_word' id='word_1_277' title='bbox 451 2880 517 2930; x_wconf 91' lang='lat' dir='ltr'>bene</span> <span class='ocrx_word' id='word_1_278' title='bbox 530 2879 647 2944; x_wconf 79' lang='lat' dir='ltr'>iungitur</span> <span class='ocrx_word' id='word_1_279' title='bbox 666 2881 745 2943; x_wconf 90' lang='lat' dir='ltr'>priori</span> <span class='ocrx_word' id='word_1_280' title='bbox 764 2882 907 2943; x_wconf 75' lang='lat' dir='ltr'>sententie,</span> <span class='ocrx_word' id='word_1_281' title='bbox 928 2882 1007 2958; x_wconf 13' lang='lat' dir='ltr'>cujus*</span> <span class='ocrx_word' id='word_1_282' title='bbox 1019 2882 1215 2946; x_wconf 82' lang='lat' dir='ltr'>subjectumest</span> <span class='ocrx_word' id='word_1_283' title='bbox 1226 2884 1330 2947; x_wconf 83' lang='lat' dir='ltr'>animal,</span> <span class='ocrx_word' id='word_1_284' title='bbox 1344 2892 1371 2935; x_wconf 89' lang='lat' dir='ltr'>et</span> 
     </span>
     <span class='ocr_line' id='line_1_28' title="bbox 302 2970 1373 3037; baseline 0.004 -18"><span class='ocrx_word' id='word_1_285' title='bbox 302 2970 422 3032; x_wconf 89' lang='lat' dir='ltr'>particula</span> <span class='ocrx_word' id='word_1_286' title='bbox 441 2971 522 3035; x_wconf 81' lang='lat' dir='ltr'>itaque</span> <span class='ocrx_word' id='word_1_287' title='bbox 541 2971 787 3034; x_wconf 81' lang='lat' dir='ltr'>argumentationem</span> <span class='ocrx_word' id='word_1_288' title='bbox 805 2971 903 3021; x_wconf 91' lang='lat' dir='ltr'>inducit</span> <span class='ocrx_word' id='word_1_289' title='bbox 922 2984 978 3035; x_wconf 88' lang='lat' dir='ltr'>quae</span> <span class='ocrx_word' id='word_1_290' title='bbox 997 2972 1109 3022; x_wconf 91' lang='lat' dir='ltr'>nondum</span> <span class='ocrx_word' id='word_1_291' title='bbox 1121 2979 1278 3034; x_wconf 82' lang='lat' dir='ltr'>expectatur.</span> <span class='ocrx_word' id='word_1_292' title='bbox 1292 2973 1373 3037; x_wconf 82' lang='lat' dir='ltr'>lingis</span> 
     </span>
     <span class='ocr_line' id='line_1_29' title="bbox 300 3059 1370 3121; baseline 0.004 -14"><span class='ocrx_word' id='word_1_293' title='bbox 300 3059 420 3109; x_wconf 88' lang='lat' dir='ltr'>idoneum</span> <span class='ocrx_word' id='word_1_294' title='bbox 438 3059 522 3109; x_wconf 84' lang='lat' dir='ltr'>locutu</span> <span class='ocrx_word' id='word_1_295' title='bbox 540 3060 670 3109; x_wconf 83' lang='lat' dir='ltr'>obtineret</span> <span class='ocrx_word' id='word_1_296' title='bbox 690 3066 747 3121; x_wconf 92' lang='lat' dir='ltr'>post</span> <span class='ocrx_word' id='word_1_297' title='bbox 764 3059 857 3110; x_wconf 88' lang='lat' dir='ltr'>rerba:</span> <span class='ocrx_word' id='word_1_298' title='bbox 871 3078 885 3105; x_wconf 92' lang='grc' dir='ltr'>ιι</span> <span class='ocrx_word' id='word_1_299' title='bbox 898 3061 960 3109; x_wconf 85' lang='lat' dir='ltr'>satis</span> <span class='ocrx_word' id='word_1_300' title='bbox 977 3072 1036 3110; x_wconf 91' lang='lat' dir='ltr'>esse</span> <span class='ocrx_word' id='word_1_301' title='bbox 1047 3060 1186 3111; x_wconf 89' lang='lat' dir='ltr'>admonere</span> <span class='ocrx_word' id='word_1_302' title='bbox 1195 3074 1225 3119; x_wconf 78' lang='grc' dir='ltr'>ιις</span> <span class='ocrx_word' id='word_1_303' title='bbox 1239 3073 1295 3109; x_wconf 86' lang='lat' dir='ltr'>eam</span> <span class='ocrx_word' id='word_1_304' title='bbox 1308 3074 1370 3111; x_wconf 89' lang='lat' dir='ltr'>reru</span> 
     </span>
     <span class='ocr_line' id='line_1_30' title="bbox 300 3147 1373 3213; baseline 0.004 -17"><span class='ocrx_word' id='word_1_305' title='bbox 300 3148 419 3197; x_wconf 86' lang='lat' dir='ltr'>omittere</span> <span class='ocrx_word' id='word_1_306' title='bbox 436 3149 531 3209; x_wconf 88' lang='lat' dir='ltr'>malim,</span> <span class='ocrx_word' id='word_1_307' title='bbox 551 3147 670 3211; x_wconf 86' lang='lat' dir='ltr'>qnoniam</span> <span class='ocrx_word' id='word_1_308' title='bbox 689 3147 752 3196; x_wconf 91' lang='lat' dir='ltr'>nibil</span> <span class='ocrx_word' id='word_1_309' title='bbox 766 3161 868 3208; x_wconf 87' lang='lat' dir='ltr'>norum,</span> <span class='ocrx_word' id='word_1_310' title='bbox 882 3148 944 3197; x_wconf 89' lang='lat' dir='ltr'>nibil</span> <span class='ocrx_word' id='word_1_311' title='bbox 957 3148 1061 3212; x_wconf 80' lang='lat' dir='ltr'>elegans</span> <span class='ocrx_word' id='word_1_312' title='bbox 1074 3155 1185 3211; x_wconf 83' lang='lat' dir='ltr'>praestat.</span> <span class='ocrx_word' id='word_1_313' title='bbox 1198 3176 1228 3185; x_wconf 89' lang='lat'>·-</span> <span class='ocrx_word' id='word_1_314' title='bbox 1241 3150 1294 3200; x_wconf 89' lang='lat' dir='ltr'>lloc</span> <span class='ocrx_word' id='word_1_315' title='bbox 1305 3163 1373 3213; x_wconf 85' lang='lat' dir='ltr'>qno-</span> 
     </span>
     <span class='ocr_line' id='line_1_31' title="bbox 300 3236 1371 3302; baseline 0 -15"><span class='ocrx_word' id='word_1_316' title='bbox 300 3252 351 3302; x_wconf 89' lang='lat' dir='ltr'>que</span> <span class='ocrx_word' id='word_1_317' title='bbox 368 3238 394 3287; x_wconf 93' lang='lat' dir='ltr'>in</span> <span class='ocrx_word' id='word_1_318' title='bbox 412 3238 480 3298; x_wconf 89' lang='lat' dir='ltr'>loco,</span> <span class='ocrx_word' id='word_1_319' title='bbox 500 3237 542 3285; x_wconf 92' lang='lat' dir='ltr'>illa</span> <span class='ocrx_word' id='word_1_320' title='bbox 558 3236 684 3285; x_wconf 90' lang='lat' dir='ltr'>sententia</span> <span class='ocrx_word' id='word_1_321' title='bbox 703 3249 760 3300; x_wconf 82' lang='lat' dir='ltr'>qnae</span> <span class='ocrx_word' id='word_1_322' title='bbox 777 3236 828 3301; x_wconf 83' lang='lat' dir='ltr'>jam</span> <span class='ocrx_word' id='word_1_323' title='bbox 842 3238 854 3299; x_wconf 63' lang='grc' dir='ltr'>ᾗ</span> <span class='ocrx_word' id='word_1_324' title='bbox 867 3236 898 3287; x_wconf 70' lang='grc'>26</span> <span class='ocrx_word' id='word_1_325' title='bbox 910 3237 1006 3286; x_wconf 88' lang='lat' dir='ltr'>intrusa</span> <span class='ocrx_word' id='word_1_326' title='bbox 1020 3244 1076 3287; x_wconf 86' lang='lat' dir='ltr'>est:</span> <span class='ocrx_word' id='word_1_327' title='bbox 1090 3258 1101 3280; x_wconf 90' lang='grc' dir='ltr'>ι</span> <span class='ocrx_word' id='word_1_328' title='bbox 1114 3237 1234 3300; x_wconf 85' lang='lat' dir='ltr'>quoniam</span> <span class='ocrx_word' id='word_1_329' title='bbox 1248 3238 1371 3288; x_wconf 87' lang='lat' dir='ltr'>detractis</span> 
     </span>
     <span class='ocr_line' id='line_1_32' title="bbox 299 3324 1369 3390; baseline 0 -15"><span class='ocrx_word' id='word_1_330' title='bbox 299 3327 331 3375; x_wconf 92' lang='lat' dir='ltr'>de</span> <span class='ocrx_word' id='word_1_331' title='bbox 351 3326 454 3375; x_wconf 88' lang='lat' dir='ltr'>bomine</span> <span class='ocrx_word' id='word_1_332' title='bbox 476 3325 596 3375; x_wconf 86' lang='lat' dir='ltr'>sensibus</span> <span class='ocrx_word' id='word_1_333' title='bbox 612 3324 705 3387; x_wconf 86' lang='lat' dir='ltr'>reliqui</span> <span class='ocrx_word' id='word_1_334' title='bbox 727 3325 790 3373; x_wconf 89' lang='lat' dir='ltr'>nibil</span> <span class='ocrx_word' id='word_1_335' title='bbox 809 3333 881 3382; x_wconf 85' lang='lat' dir='ltr'>est»,</span> <span class='ocrx_word' id='word_1_336' title='bbox 902 3325 976 3376; x_wconf 88' lang='lat' dir='ltr'>lacile</span> <span class='ocrx_word' id='word_1_337' title='bbox 994 3339 1080 3388; x_wconf 87' lang='lat' dir='ltr'>careo,</span> <span class='ocrx_word' id='word_1_338' title='bbox 1100 3327 1194 3390; x_wconf 89' lang='lat' dir='ltr'>quippe</span> <span class='ocrx_word' id='word_1_339' title='bbox 1214 3341 1270 3390; x_wconf 84' lang='lat' dir='ltr'>quae</span> <span class='ocrx_word' id='word_1_340' title='bbox 1290 3327 1369 3376; x_wconf 88' lang='lat' dir='ltr'>menti</span> 
     </span>
     <span class='ocr_line' id='line_1_33' title="bbox 299 3411 1371 3477; baseline 0.002 -16"><span class='ocrx_word' id='word_1_341' title='bbox 299 3412 433 3475; x_wconf 91' lang='lat' dir='ltr'>scriptoris</span> <span class='ocrx_word' id='word_1_342' title='bbox 453 3426 503 3462; x_wconf 92' lang='lat' dir='ltr'>non</span> <span class='ocrx_word' id='word_1_343' title='bbox 522 3412 651 3471; x_wconf 82' lang='lat' dir='ltr'>convenit,</span> <span class='ocrx_word' id='word_1_344' title='bbox 670 3412 713 3475; x_wconf 90' lang='lat' dir='ltr'>qui</span> <span class='ocrx_word' id='word_1_345' title='bbox 729 3412 762 3461; x_wconf 91' lang='lat' dir='ltr'>de</span> <span class='ocrx_word' id='word_1_346' title='bbox 780 3411 882 3461; x_wconf 84' lang='lat' dir='ltr'>animali</span> <span class='ocrx_word' id='word_1_347' title='bbox 894 3412 1005 3477; x_wconf 91' lang='lat' dir='ltr'>loquitur</span> <span class='ocrx_word' id='word_1_348' title='bbox 1017 3414 1043 3462; x_wconf 93' lang='lat' dir='ltr'>in</span> <span class='ocrx_word' id='word_1_349' title='bbox 1056 3426 1162 3477; x_wconf 79' lang='lat' dir='ltr'>genere,</span> <span class='ocrx_word' id='word_1_350' title='bbox 1174 3420 1200 3463; x_wconf 92' lang='lat' dir='ltr'>et</span> <span class='ocrx_word' id='word_1_351' title='bbox 1212 3414 1324 3463; x_wconf 88' lang='lat' dir='ltr'>nondum</span> <span class='ocrx_word' id='word_1_352' title='bbox 1337 3414 1371 3463; x_wconf 91' lang='lat' dir='ltr'>de</span> 
     </span>
     <span class='ocr_line' id='line_1_34' title="bbox 300 3501 1368 3566; baseline 0.001 -15"><span class='ocrx_word' id='word_1_353' title='bbox 300 3502 410 3552; x_wconf 89' lang='lat' dir='ltr'>bominis</span> <span class='ocrx_word' id='word_1_354' title='bbox 429 3501 549 3552; x_wconf 84' lang='lat' dir='ltr'>sensibus</span> <span class='ocrx_word' id='word_1_355' title='bbox 566 3502 628 3564; x_wconf 79' lang='lat' dir='ltr'>agit.</span> <span class='ocrx_word' id='word_1_356' title='bbox 642 3522 672 3537; x_wconf 56' lang='grc' dir='ltr'>-ι</span> <span class='ocrx_word' id='word_1_357' title='bbox 685 3501 808 3552; x_wconf 87' lang='lat' dir='ltr'>Libenter</span> <span class='ocrx_word' id='word_1_358' title='bbox 825 3501 908 3565; x_wconf 80' lang='lat' dir='ltr'>legam</span> <span class='ocrx_word' id='word_1_359' title='bbox 929 3515 987 3552; x_wconf 92' lang='lat' dir='ltr'>cum</span> <span class='ocrx_word' id='word_1_360' title='bbox 999 3504 1123 3553; x_wconf 85' lang='lat' dir='ltr'>Grasero:</span> <span class='ocrx_word' id='word_1_361' title='bbox 1138 3521 1151 3547; x_wconf 91' lang='grc' dir='ltr'>ιι</span> <span class='ocrx_word' id='word_1_362' title='bbox 1163 3502 1225 3566; x_wconf 87' lang='lat' dir='ltr'>quid</span> <span class='ocrx_word' id='word_1_363' title='bbox 1237 3506 1324 3566; x_wconf 83' lang='lat' dir='ltr'>aptum</span> <span class='ocrx_word' id='word_1_364' title='bbox 1336 3504 1368 3552; x_wconf 89' lang='lat' dir='ltr'>ad</span> 
     </span>
     <span class='ocr_line' id='line_1_35' title="bbox 299 3589 1370 3654; baseline 0.001 -15"><span class='ocrx_word' id='word_1_365' title='bbox 299 3597 416 3640; x_wconf 88' lang='lat' dir='ltr'>naturam</span> <span class='ocrx_word' id='word_1_366' title='bbox 433 3595 477 3639; x_wconf 90' lang='lat' dir='ltr'>ant</span> <span class='ocrx_word' id='word_1_367' title='bbox 493 3596 581 3640; x_wconf 87' lang='lat' dir='ltr'>contra</span> <span class='ocrx_word' id='word_1_368' title='bbox 598 3589 663 3639; x_wconf 81' lang='lat' dir='ltr'>sit».</span> <span class='ocrx_word' id='word_1_369' title='bbox 676 3589 725 3639; x_wconf 80' lang='lat' dir='ltr'>Alii</span> <span class='ocrx_word' id='word_1_370' title='bbox 746 3590 850 3653; x_wconf 82' lang='lat' dir='ltr'>legunt:</span> <span class='ocrx_word' id='word_1_371' title='bbox 864 3590 924 3654; x_wconf 92' lang='lat' dir='ltr'>quid</span> <span class='ocrx_word' id='word_1_372' title='bbox 943 3591 1030 3641; x_wconf 84' lang='lat' dir='ltr'>autad</span> <span class='ocrx_word' id='word_1_373' title='bbox 1043 3598 1167 3652; x_wconf 87' lang='lat' dir='ltr'>naturam,</span> <span class='ocrx_word' id='word_1_374' title='bbox 1182 3597 1255 3640; x_wconf 82' lang='lat' dir='ltr'>etc.»</span> <span class='ocrx_word' id='word_1_375' title='bbox 1271 3591 1370 3640; x_wconf 89' lang='lat' dir='ltr'>-Post</span> 
     </span>
     <span class='ocr_line' id='line_1_36' title="bbox 302 3680 1369 3743; baseline 0.001 -15"><span class='ocrx_word' id='word_1_376' title='bbox 302 3682 379 3731; x_wconf 87' lang='lat' dir='ltr'>rerba</span> <span class='ocrx_word' id='word_1_377' title='bbox 391 3696 398 3729; x_wconf 78' lang='lat' dir='ltr'>a</span> <span class='ocrx_word' id='word_1_378' title='bbox 412 3700 424 3725; x_wconf 89' lang='grc' dir='ltr'>ι</span> <span class='ocrx_word' id='word_1_379' title='bbox 436 3693 451 3730; x_wconf 87' lang='lat' dir='ltr'>a</span> <span class='ocrx_word' id='word_1_380' title='bbox 470 3687 559 3730; x_wconf 89' lang='lat' dir='ltr'>natura</span> <span class='ocrx_word' id='word_1_381' title='bbox 576 3680 630 3742; x_wconf 88' lang='lat' dir='ltr'>ipsa</span> <span class='ocrx_word' id='word_1_382' title='bbox 650 3680 757 3730; x_wconf 89' lang='lat' dir='ltr'>iudicari</span> <span class='ocrx_word' id='word_1_383' title='bbox 768 3699 790 3741; x_wconf 85' lang='grc' dir='ltr'>ι,</span> <span class='ocrx_word' id='word_1_384' title='bbox 804 3681 918 3731; x_wconf 90' lang='lat' dir='ltr'>nonnulli</span> <span class='ocrx_word' id='word_1_385' title='bbox 936 3682 1041 3732; x_wconf 89' lang='lat' dir='ltr'>codices</span> <span class='ocrx_word' id='word_1_386' title='bbox 1059 3681 1172 3732; x_wconf 87' lang='lat' dir='ltr'>addunt:</span> <span class='ocrx_word' id='word_1_387' title='bbox 1186 3699 1199 3725; x_wconf 90' lang='grc' dir='ltr'>ιι</span> <span class='ocrx_word' id='word_1_388' title='bbox 1212 3680 1369 3743; x_wconf 81' lang='lat' dir='ltr'>uoluptatem</span> 
     </span>
     <span class='ocr_line' id='line_1_37' title="bbox 298 3768 1369 3833; baseline -0.003 -13"><span class='ocrx_word' id='word_1_389' title='bbox 298 3770 375 3820; x_wconf 90' lang='lat' dir='ltr'>etlam</span> <span class='ocrx_word' id='word_1_390' title='bbox 393 3777 420 3819; x_wconf 88' lang='lat' dir='ltr'>et</span> <span class='ocrx_word' id='word_1_391' title='bbox 440 3782 485 3832; x_wconf 89' lang='lat' dir='ltr'>per</span> <span class='ocrx_word' id='word_1_392' title='bbox 501 3782 531 3818; x_wconf 91' lang='lat' dir='ltr'>se</span> <span class='ocrx_word' id='word_1_393' title='bbox 547 3769 716 3830; x_wconf 86' lang='lat' dir='ltr'>expetendam</span> <span class='ocrx_word' id='word_1_394' title='bbox 735 3781 795 3819; x_wconf 89' lang='lat' dir='ltr'>esse</span> <span class='ocrx_word' id='word_1_395' title='bbox 814 3776 841 3819; x_wconf 91' lang='lat' dir='ltr'>et</span> <span class='ocrx_word' id='word_1_396' title='bbox 860 3769 974 3820; x_wconf 92' lang='lat' dir='ltr'>dolorem</span> <span class='ocrx_word' id='word_1_397' title='bbox 991 3770 1073 3832; x_wconf 90' lang='lat' dir='ltr'>ipsum</span> <span class='ocrx_word' id='word_1_398' title='bbox 1087 3782 1172 3833; x_wconf 88' lang='lat' dir='ltr'>perse</span> <span class='ocrx_word' id='word_1_399' title='bbox 1191 3782 1249 3819; x_wconf 91' lang='lat' dir='ltr'>esse</span> <span class='ocrx_word' id='word_1_400' title='bbox 1268 3768 1369 3831; x_wconf 83' lang='lat' dir='ltr'>fugien-</span> 
     </span>
     <span class='ocr_line' id='line_1_38' title="bbox 299 3856 1370 3921; baseline -0.002 -13"><span class='ocrx_word' id='word_1_401' title='bbox 299 3858 369 3920; x_wconf 88' lang='lat' dir='ltr'>dum,</span> <span class='ocrx_word' id='word_1_402' title='bbox 379 3872 454 3921; x_wconf 77' lang='lat' dir='ltr'>»quae</span> <span class='ocrx_word' id='word_1_403' title='bbox 463 3858 537 3920; x_wconf 91' lang='lat' dir='ltr'>paulo</span> <span class='ocrx_word' id='word_1_404' title='bbox 549 3856 613 3907; x_wconf 86' lang='lat' dir='ltr'>inira</span> <span class='ocrx_word' id='word_1_405' title='bbox 626 3857 746 3921; x_wconf 82' lang='lat' dir='ltr'>leguntur</span> <span class='ocrx_word' id='word_1_406' title='bbox 757 3856 781 3921; x_wconf 60' lang='grc' dir='ltr'>(ᾗ</span> <span class='ocrx_word' id='word_1_407' title='bbox 793 3857 834 3916; x_wconf 78' lang='lat' dir='ltr'>stt</span> <span class='ocrx_word' id='word_1_408' title='bbox 848 3865 905 3921; x_wconf 91' lang='lat' dir='ltr'>post</span> <span class='ocrx_word' id='word_1_409' title='bbox 916 3876 929 3902; x_wconf 84' lang='grc' dir='ltr'>ιι</span> <span class='ocrx_word' id='word_1_410' title='bbox 939 3857 1046 3921; x_wconf 78' lang='lat' dir='ltr'>intelligi</span> <span class='ocrx_word' id='word_1_411' title='bbox 1059 3871 1135 3920; x_wconf 89' lang='lat' dir='ltr'>posse</span> <span class='ocrx_word' id='word_1_412' title='bbox 1145 3876 1166 3905; x_wconf 88' lang='grc' dir='ltr'>ιι.</span> <span class='ocrx_word' id='word_1_413' title='bbox 1180 3857 1296 3907; x_wconf 87' lang='lat' dir='ltr'>Notabile</span> <span class='ocrx_word' id='word_1_414' title='bbox 1307 3869 1370 3907; x_wconf 90' lang='lat' dir='ltr'>sane</span> 
     </span>
     <span class='ocr_line' id='line_1_39' title="bbox 297 3946 1368 4011; baseline 0.001 -16"><span class='ocrx_word' id='word_1_415' title='bbox 297 3946 442 4009; x_wconf 82' lang='lat' dir='ltr'>exemplum</span> <span class='ocrx_word' id='word_1_416' title='bbox 461 3959 548 3996; x_wconf 82' lang='lat' dir='ltr'>earum</span> <span class='ocrx_word' id='word_1_417' title='bbox 567 3946 660 4011; x_wconf 90' lang='lat' dir='ltr'>quibus</span> <span class='ocrx_word' id='word_1_418' title='bbox 678 3952 778 3996; x_wconf 89' lang='lat' dir='ltr'>scatent</span> <span class='ocrx_word' id='word_1_419' title='bbox 801 3947 882 3997; x_wconf 90' lang='lat' dir='ltr'>nostri</span> <span class='ocrx_word' id='word_1_420' title='bbox 901 3947 961 3995; x_wconf 88' lang='lat' dir='ltr'>libri</span> <span class='ocrx_word' id='word_1_421' title='bbox 981 3947 1216 4010; x_wconf 80' lang='lat' dir='ltr'>interpolationem.</span> <span class='ocrx_word' id='word_1_422' title='bbox 1238 3947 1291 3996; x_wconf 89' lang='lat' dir='ltr'>lloc</span> <span class='ocrx_word' id='word_1_423' title='bbox 1311 3959 1368 3996; x_wconf 90' lang='lat' dir='ltr'>em-</span> 
     </span>
     <span class='ocr_line' id='line_1_40' title="bbox 298 4034 1368 4100; baseline 0.002 -17"><span class='ocrx_word' id='word_1_424' title='bbox 298 4034 381 4084; x_wconf 88' lang='lat' dir='ltr'>blema</span> <span class='ocrx_word' id='word_1_425' title='bbox 393 4036 469 4085; x_wconf 88' lang='lat' dir='ltr'>tacite</span> <span class='ocrx_word' id='word_1_426' title='bbox 483 4036 570 4085; x_wconf 89' lang='lat' dir='ltr'>omisit</span> <span class='ocrx_word' id='word_1_427' title='bbox 581 4036 705 4086; x_wconf 86' lang='lat' dir='ltr'>Baiterns.</span> <span class='ocrx_word' id='word_1_428' title='bbox 714 4037 848 4100; x_wconf 84' lang='lat' dir='ltr'>—Legarn</span> <span class='ocrx_word' id='word_1_429' title='bbox 861 4044 888 4085; x_wconf 91' lang='lat' dir='ltr'>ut</span> <span class='ocrx_word' id='word_1_430' title='bbox 900 4036 991 4086; x_wconf 91' lang='lat' dir='ltr'>melius</span> <span class='ocrx_word' id='word_1_431' title='bbox 1002 4045 1124 4099; x_wconf 87' lang='lat' dir='ltr'>appareat</span> <span class='ocrx_word' id='word_1_432' title='bbox 1135 4036 1258 4087; x_wconf 89' lang='lat' dir='ltr'>orationis</span> <span class='ocrx_word' id='word_1_433' title='bbox 1270 4036 1368 4086; x_wconf 81' lang='lat' dir='ltr'>series:</span> 
     </span>
     <span class='ocr_line' id='line_1_41' title="bbox 301 4123 1368 4188; baseline 0.001 -17"><span class='ocrx_word' id='word_1_434' title='bbox 301 4142 312 4165; x_wconf 91' lang='grc' dir='ltr'>ι</span> <span class='ocrx_word' id='word_1_435' title='bbox 323 4124 372 4172; x_wconf 88' lang='lat' dir='ltr'>lam</span> <span class='ocrx_word' id='word_1_436' title='bbox 384 4123 445 4186; x_wconf 92' lang='lat' dir='ltr'>quid</span> <span class='ocrx_word' id='word_1_437' title='bbox 458 4124 575 4186; x_wconf 91' lang='lat' dir='ltr'>percipit,</span> <span class='ocrx_word' id='word_1_438' title='bbox 588 4131 638 4174; x_wconf 90' lang='lat' dir='ltr'>ete.</span> <span class='ocrx_word' id='word_1_439' title='bbox 650 4144 661 4168; x_wconf 88' lang='grc' dir='ltr'>ιι</span> <span class='ocrx_word' id='word_1_440' title='bbox 673 4124 782 4174; x_wconf 81' lang='lat' dir='ltr'>Codices</span> <span class='ocrx_word' id='word_1_441' title='bbox 793 4123 897 4173; x_wconf 89' lang='lat' dir='ltr'>minime</span> <span class='ocrx_word' id='word_1_442' title='bbox 909 4124 1089 4185; x_wconf 83' lang='lat' dir='ltr'>eonsentlunt3</span> <span class='ocrx_word' id='word_1_443' title='bbox 1102 4124 1197 4175; x_wconf 87' lang='lat' dir='ltr'>babent</span> <span class='ocrx_word' id='word_1_444' title='bbox 1205 4125 1245 4174; x_wconf 78' lang='lat' dir='ltr'>AC</span> <span class='ocrx_word' id='word_1_445' title='bbox 1257 4138 1286 4173; x_wconf 86' lang='lat' dir='ltr'>en</span> <span class='ocrx_word' id='word_1_446' title='bbox 1300 4124 1368 4188; x_wconf 84' lang='lat' dir='ltr'>quid,</span> 
     </span>
     <span class='ocr_line' id='line_1_42' title="bbox 296 4214 1369 4280; baseline 0 -18"><span class='ocrx_word' id='word_1_447' title='bbox 296 4214 340 4263; x_wconf 86' lang='lat' dir='ltr'>alii</span> <span class='ocrx_word' id='word_1_448' title='bbox 351 4215 374 4263; x_wconf 87' lang='lat' dir='ltr'>ei</span> <span class='ocrx_word' id='word_1_449' title='bbox 386 4214 452 4279; x_wconf 83' lang='lat' dir='ltr'>quid,</span> <span class='ocrx_word' id='word_1_450' title='bbox 469 4214 563 4279; x_wconf 81' lang='lat' dir='ltr'>ecquid,</span> <span class='ocrx_word' id='word_1_451' title='bbox 576 4215 685 4280; x_wconf 84' lang='lat' dir='ltr'>enquid,</span> <span class='ocrx_word' id='word_1_452' title='bbox 698 4219 722 4265; x_wconf 85' lang='lat' dir='ltr'>et</span> <span class='ocrx_word' id='word_1_453' title='bbox 735 4215 800 4280; x_wconf 78' lang='lat' dir='ltr'>quid.</span> <span class='ocrx_word' id='word_1_454' title='bbox 812 4242 842 4251; x_wconf 95' lang='lat'>-</span> <span class='ocrx_word' id='word_1_455' title='bbox 854 4214 866 4277; x_wconf 65' lang='lat' dir='ltr'>d</span> <span class='ocrx_word' id='word_1_456' title='bbox 877 4214 917 4264; x_wconf 78' lang='lat' dir='ltr'>et.</span> <span class='ocrx_word' id='word_1_457' title='bbox 930 4214 956 4263; x_wconf 89' lang='lat' dir='ltr'>Si</span> <span class='ocrx_word' id='word_1_458' title='bbox 970 4214 1077 4276; x_wconf 86' lang='lat' dir='ltr'>primam</span> <span class='ocrx_word' id='word_1_459' title='bbox 1088 4214 1163 4277; x_wconf 86' lang='lat' dir='ltr'>bujus</span> <span class='ocrx_word' id='word_1_460' title='bbox 1177 4214 1198 4278; x_wconf 74' lang='lat' dir='ltr'>§l</span> <span class='ocrx_word' id='word_1_461' title='bbox 1213 4215 1369 4264; x_wconf 86' lang='lat' dir='ltr'>sententiam</span> 
     </span>
     <span class='ocr_line' id='line_1_43' title="bbox 302 4302 1372 4368; baseline 0.001 -16"><span class='ocrx_word' id='word_1_462' title='bbox 302 4303 376 4367; x_wconf 92' lang='lat' dir='ltr'>paulo</span> <span class='ocrx_word' id='word_1_463' title='bbox 393 4303 517 4353; x_wconf 88' lang='lat' dir='ltr'>attentius</span> <span class='ocrx_word' id='word_1_464' title='bbox 535 4303 664 4367; x_wconf 86' lang='lat' dir='ltr'>inspicias,</span> <span class='ocrx_word' id='word_1_465' title='bbox 684 4318 743 4354; x_wconf 82' lang='lat' dir='ltr'>mox</span> <span class='ocrx_word' id='word_1_466' title='bbox 761 4316 887 4367; x_wconf 79' lang='lat' dir='ltr'>agnosces</span> <span class='ocrx_word' id='word_1_467' title='bbox 905 4302 970 4353; x_wconf 91' lang='lat' dir='ltr'>banc</span> <span class='ocrx_word' id='word_1_468' title='bbox 986 4304 1052 4355; x_wconf 88' lang='lat' dir='ltr'>male</span> <span class='ocrx_word' id='word_1_469' title='bbox 1068 4318 1126 4355; x_wconf 89' lang='lat' dir='ltr'>cum</span> <span class='ocrx_word' id='word_1_470' title='bbox 1142 4317 1172 4354; x_wconf 89' lang='lat' dir='ltr'>ea</span> <span class='ocrx_word' id='word_1_471' title='bbox 1185 4318 1241 4368; x_wconf 74' lang='lat' dir='ltr'>quae</span> <span class='ocrx_word' id='word_1_472' title='bbox 1254 4304 1372 4367; x_wconf 89' lang='lat' dir='ltr'>sequitur</span> 
     </span>
    </p>
   </div>
   <div class='ocr_carea' id='block_1_5' title="bbox 0 0 1668 5159">
    <p class='ocr_par' dir='ltr' id='par_1_7' title="bbox 0 0 1668 5159">
     <span class='ocr_line' id='line_1_44' title="bbox 0 0 1668 5159; baseline 0 4"><span class='ocrx_word' id='word_1_473' title='bbox 0 0 1668 5159; x_wconf 95' lang='lat' dir='ltr'> </span> 
     </span>
    </p>
   </div>
  </div>
 </body>
</html>
