3325 5159
715 580 844 651 Luctus
864 594 884 650 1,
900 582 960 638 i-l.
1310 582 1358 639 tal

298 721 348 764 tarn
355 715 486 766 audaciter
497 716 643 776 obsisteret,
650 719 813 780 respondisse
825 718 918 768 dicitur
931 734 938 767 ε
953 719 1108 769 «Senectute
1118 739 1139 767 ».
1147 718 1295 783 Legendunn
1303 732 1360 769 esse

297 805 396 867 opinor,
409 819 455 856 seu
469 822 476 854 ε
491 826 501 848 «
516 807 568 856 lloc
580 806 642 858 illud
655 815 694 858 est
710 808 842 858 Pisistrato
860 816 964 872 tyranno
981 821 994 857 a
1012 809 1104 859 Solone
1123 822 1272 872 responsum
1290 822 1362 873 quae-

298 893 424 956 neutiqua
429 930 488 943 ......
501 895 653 945 obsisteret:
666 896 802 945 Senectute
817 916 839 944 ».
852 896 902 946 Seu
916 910 922 943 :
938 916 947 938 ι
963 896 1015 946 Hoc
1028 896 1088 946 illud
1102 903 1141 945 est
1153 897 1221 959 quod
1233 896 1284 946 Pis.
1302 902 1361 959 tyr..

297 995 374 1043 quum
386 981 430 1031 ille
442 992 567 1046 quaereret
579 999 604 1047 q.
619 991 636 1032 t.
650 1000 670 1033 r.
684 983 758 1033 lr.....
772 983 920 1042 obsisteret,
933 985 1008 1034 Solon
1023 985 1185 1047 respondisse
1193 982 1303 1035 dicitur:
1316 984 1362 1034 Se-

298 1077 401 1121 nectute
416 1093 437 1121 ι.
450 1100 480 1109 -
493 1074 505 1135 ξ
516 1074 556 1123 73.
570 1073 664 1123 Scribit
676 1074 799 1132 Baiterus‚
811 1080 879 1124 auct.
893 1074 921 1123 tt.
934 1078 963 1124 Α.
976 1074 1067 1125 Wolfio
1080 1082 1106 1124 et
1120 1073 1227 1131 fobeto,
1246 1075 1359 1136 cleptum,

299 1161 325 1209 in
337 1163 378 1212 ed.
391 1161 461 1225 Lips.
474 1190 504 1198 —
518 1164 580 1225 §lb
594 1164 687 1224 Malim,
700 1177 757 1213 cunr
770 1164 827 1214 cod.
841 1164 1042 1226 Rhenaugiensi:
1058 1185 1067 1207 ι
1080 1164 1129 1213 lam
1141 1176 1232 1214 sensns
1248 1163 1362 1213 morienti

299 1251 390 1314 aliquis
402 1266 459 1303 esse
472 1260 556 1315 potest
571 1272 592 1312 r,
606 1267 651 1315 pro
663 1254 790 1303 moriendi.
809 1254 890 1303 -Ex
902 1254 978 1304 codd.
995 1252 1098 1317 optimis
1115 1254 1206 1304 Baiter.
1225 1254 1311 1304 omisit
1326 1254 1359 1311 ld,

299 1348 358 1391 ante
370 1342 500 1400 incertam,
514 1343 539 1392 in
552 1342 711 1406 ed.Lips.-
723 1344 735 1405 §
746 1344 785 1393 75.
795 1343 1007 1404 Baletbnemos.
1016 1344 1080 1405 VIII,
1089 1358 1114 1406 p.
1123 1343 1276 1407 ‘ll3llegere
1286 1342 1360 1392 velit:

300 1450 314 1477 ι
327 1439 409 1483 morte
426 1433 487 1483 cluit
501 1454 523 1495 »‚
541 1446 586 1495 pro
604 1434 668 1490 lull.-
684 1447 742 1483 eum
759 1434 875 1497 sequitur
893 1434 984 1483 Baiter.
1003 1433 1028 1483 iu
1046 1434 1088 1484 ed.
1109 1433 1178 1497 Lips.
1189 1461 1221 1470 -
1232 1431 1362 1482 Omittitur

300 1520 362 1571 ibid.
376 1534 400 1570 v.
413 1534 472 1579 etse,
486 1528 545 1571 ante
553 1521 687 1584 profectas.

331 1612 395 1673 XXI,
408 1614 420 1675 ᾖ
433 1614 471 1662 77.
489 1612 606 1675 Plerique
618 1612 730 1674 codices,
743 1612 809 1663 iuter
821 1625 887 1675 qnos
898 1612 996 1674 optim,
1014 1610 1129 1661 babent:
1145 1633 1154 1653 ‹
1170 1611 1294 1674 Equidem
1311 1623 1361 1661 non

301 1702 375 1752 video
390 1715 419 1761 »ς
432 1701 508 1751 Pseu
521 1702 608 1765 regius
619 1702 678 1751 cod.
690 1700 766 1750 babet
782 1715 788 1747 :
804 1721 814 1743 α
827 1714 878 1751 non
891 1701 958 1749 enirn
973 1700 1046 1750 video
1060 1719 1082 1761 »‚
1095 1713 1170 1763 quem
1188 1707 1310 1762 sequutus
1323 1706 1362 1749 est

300 1790 427 1849 llalmins;
441 1790 566 1853 vulgatam
574 1790 709 1840 lectionem
718 1776 941 1853 ego'desiderooe
950 1790 1041 1840 Merito
1049 1789 1247 1839 uelitBalterus:
1263 1794 1362 1850 «tuum,

299 1880 393 1944 Scipio,
403 1888 534 1944 tuumque,
543 1879 611 1929 Laeli.
623 1900 674 1922 »—
685 1880 699 1943 ᾗ
710 1882 751 1930 78.
764 1879 880 1929 Nonnihil
888 1878 1020 1930 offendunt
1029 1879 1105 1928 uerba
1114 1899 1125 1921 «
1136 1878 1332 1928 tantaescientiae
1341 1896 1375 1939 r„

300 1977 356 2032 post
370 1977 428 2021 «lot
439 1978 508 2020 artes
518 1986 545 2032 »;
558 1982 641 2035 neque
653 1970 744 2020 simiIIs
755 1970 923 2033 copulationis
935 1969 1050 2032 exempla
1063 1968 1135 2020 facile
1147 1968 1261 2031 reperias
1271 1982 1278 2028 ;
1291 1968 1362 2031 etqui-

298 2059 355 2109 dem
367 2060 483 2123 suspicor
494 2060 519 2109 iu
532 2060 646 2123 margine
658 2060 780 2123 scriptum
793 2059 872 2109 luisse
886 2078 896 2100 «
911 2066 979 2109 tanta
992 2059 1097 2109 scientIa
1112 2079 1135 2116 o,
1151 2058 1223 2122 quasi
1236 2058 1362 2121 glossema

299 2148 373 2198 lucisi
385 2148 454 2211 quod
463 2156 523 2199 aute
536 2171 546 2192 ι
561 2156 599 2198 tot
611 2156 700 2200 artes»
714 2148 820 2213 legitur3
832 2150 900 2213 quod
912 2151 1037 2214 glossema
1050 2151 1076 2199 in
1088 2150 1211 2201 orationis
1223 2151 1289 2200 serie
1302 2164 1362 2213 per-

300 2250 385 2298 peram
396 2238 530 2300 imentum,
543 2246 602 2288 ante
616 2260 627 2282 «
642 2246 679 2288 tot
691 2240 793 2289 inuenta
807 2260 829 2301 ι,
843 2239 964 2302 pluralem
978 2239 1083 2290 sormam
1096 2240 1178 2289 induit
1190 2240 1223 2290 ob
1236 2251 1312 2289 voces
1324 2239 1362 2287 in-

301 2333 340 2375 ter
352 2339 414 2389 quas
426 2328 535 2389 positum
548 2326 604 2377 luit.
617 2328 726 2377 Seclusit
739 2349 749 2371 «
760 2335 836 2378 tantae
847 2329 980 2378 scientie·
995 2329 1086 2378 Baiter.
1100 2330 1125 2377 iu
1138 2329 1178 2379 ed.
1192 2329 1260 2390 Lips.
1270 2356 1301 2364 -
1312 2327 1362 2378 Le-

300 2428 357 2479 gam
371 2432 378 2465 z
393 2439 402 2459 «
418 2416 475 2481 quia
487 2430 516 2467 se
528 2417 583 2479 ipse
595 2421 676 2466 movet
690 2437 712 2478 ι,
725 2424 749 2466 et
762 2417 872 2466 subinde
886 2434 892 2465 :
908 2438 917 2461 ι
932 2419 974 2482 qui
986 2431 1120 2481 numquam
1133 2431 1162 2468 se
1174 2419 1229 2480 lpse
1241 2418 1275 2467 sit
1287 2418 1363 2467 relic-

301 2514 372 2558 turus
386 2526 407 2554 o.
421 2534 452 2542 -
463 2507 558 2570 Opinon
570 2507 705 2570 legendnm
717 2519 776 2556 esse
790 2522 796 2554 :
812 2520 890 2555 «cum
903 2507 1010 2570 simplex
1027 2507 1103 2559 animi
1123 2515 1210 2557 natura
1227 2509 1261 2556 sit
1279 2520 1362 2570 neque

299 2597 385 2645 babeat
397 2597 423 2645 iu
435 2608 463 2645 se
475 2597 611 2659 quidquam
622 2596 761 2646 admixtum
777 2616 787 2638 ι
800 2610 807 2657 ;
820 2596 882 2646 nibil
896 2597 1003 2660 requirit
1014 2596 1362 2659 imperfectumconjunctiti,

298 2691 325 2733 et
337 2684 411 2747 paulo
422 2696 497 2746 supra
510 2679 706 2747 legiturbabecl.

330 2773 415 2830 lllllll,
428 2774 441 2836 i
452 2775 492 2824 at.
510 2774 592 2823 ldalim
606 2773 692 2837 legere
706 2789 712 2822 ι
727 2794 737 2816 ι
751 2788 827 2837 quum
839 2780 927 2824 contra
938 2774 1024 2825 decuit
1035 2774 1068 2825 ab
1084 2774 1127 2824 illo
1144 2788 1228 2825 meum
1243 2787 1361 2838 »mamm

299 2870 325 2912 et
336 2863 400 2926 quod
409 2863 436 2911 in
447 2862 579 2913 codicibus
590 2875 657 2925 saepe
670 2869 853 2926 permutantur.

739 3040 923 3048 ———-—-

602 3190 767 3271 LAELIUS,
794 3192 845 3259 DE
870 3191 1057 3261 AMICITIA.

332 3579 350 3640 l,
364 3580 376 3641 5
388 3579 412 3627 2.
431 3578 523 3628 Lenius
536 3578 665 3628 videretur
676 3578 844 3641 ἀνακόλουθον,
862 3588 890 3629 ut
902 3580 998 3644 ellipsis
1012 3580 1083 3631 verbi
1095 3582 1173 3631 dicere
1185 3595 1230 3632 seu
1246 3582 1362 3631 disserere

299 3662 407 3725 facilior,
420 3665 442 3715 si
453 3665 584 3728 legeretur
595 3678 667 3727 quem
686 3678 732 3727 pro
747 3679 811 3724 cam,
829 3672 888 3715 artte
908 3679 999 3729 «saepe
1016 3666 1093 3715 multa
1109 3682 1136 3724 »ς
1153 3670 1206 3714 lom
1223 3666 1362 3727 respondet

298 3752 422 3803 adverbio
433 3768 504 3818 aoepe,
518 3760 545 3803 et
557 3753 682 3816 originem
701 3754 772 3803 dedit
791 3754 941 3815 mutationi;
959 3753 1066 3805 offendit
1084 3754 1160 3804 etiam
1178 3754 1286 3803 alterum
1305 3766 1362 3801 com

299 3848 356 3903 post
367 3841 470 3891 solebat.
484 3842 568 3893 Possis
579 3842 697 3892 omittere
709 3841 789 3901 illum,
802 3849 861 3891 ante
873 3842 988 3900 Incidere,
1001 3850 1027 3891 at
1039 3856 1089 3892 non
1101 3854 1174 3905 opus.
1187 3870 1215 3877 -
1230 3842 1323 3890 Baiter.
1336 3840 1362 3888 in

298 3932 340 3982 ed.
354 3931 424 3994 Lips.
436 3946 467 3982 ex
481 3933 557 3983 codd.
569 3931 678 3982 scribit:
693 3952 703 3973 ι
717 3944 775 3981 enm
788 3936 873 3994 elego
887 3952 906 3978 ».
919 3958 951 3967 —
963 3932 1109 3995 Legeudum
1122 3932 1213 3993 opinor
1224 3943 1285 3980 seu:
1300 3930 1362 3994 «qui

299 4028 351 4069 lum
365 4020 418 4070 lere
430 4022 543 4070 omnibus
555 4027 610 4071 erat
623 4022 648 4070 in
660 4034 705 4071 ore
719 4040 741 4083 ι,
754 4034 801 4071 seu
815 4041 825 4063 ι
840 4021 883 4085 qui
896 4027 949 4070 tum
961 4020 1048 4070 mtrltis
1059 4028 1114 4070 erat
1126 4021 1151 4070 in
1164 4033 1209 4070 ore
1223 4034 1252 4080 »ς
1265 4020 1305 4068 va
1318 4032 1364 4069 re-

299 4111 382 4172 perias
393 4109 526 4160 lormulam
538 4128 551 4154 n
564 4112 648 4161 inore
661 4123 719 4160 esse
733 4130 744 4153 »
756 4110 812 4161 sine
825 4110 935 4160 bominis
949 4109 1094 4169 mentioue;
1113 4110 1198 4172 itaque
1214 4108 1297 4158 omitti
1312 4122 1363 4157 non

299 4208 383 4263 potest
396 4214 421 4248 v.
433 4200 521 4249 multt's
534 4200 573 4249 vel
585 4201 705 4256 omnibus,
723 4208 751 4250 ut
768 4199 869 4251 volebat
888 4199 965 4249 Valla.
985 4199 1055 4250 Solet
1072 4199 1168 4248 Tullius
1184 4199 1293 4262 jungere
1311 4198 1362 4259 fere

299 4301 357 4338 cum
368 4301 461 4345 omnes,
475 4301 526 4338 non
545 4300 606 4339 vero
621 4302 679 4339 cum
694 4289 777 4339 mulll.
791 4316 821 4326 -
833 4290 845 4351 §
857 4288 881 4337 l.
894 4288 976 4338 ilalrn.
996 4288 1117 4338 Orellitrm
1134 4294 1258 4352 sequutus
1277 4286 1363 4336 omisit

298 4379 405 4428 verbum
416 4376 474 4440 feti,
488 4384 545 4441 post
556 4378 632 4428 verba
645 4394 658 4423 n
670 4378 697 4427 in
708 4376 802 4428 Catone
813 4377 911 4429 maiore
924 4398 946 4440 »,
959 4377 1058 4428 etiamsi
1079 4376 1178 4441 legatur
1196 4376 1223 4426 in
1242 4375 1362 4426 omnibus

1209 4467 1238 4513 tc
