3325 5159
300 675 352 734 lbi
580 751 589 763 „
622 672 664 730 br.
678 686 716 731 un
730 685 855 731 rucuma
867 672 890 744 Ι,
905 685 960 743 ι-ιι,
973 672 1031 731 1-9.

299 812 428 864 Bentleio:
444 809 495 863 :lt
507 812 529 862 si
540 812 591 875 cni,
605 818 633 862 ut
643 812 723 870 aiunt,
736 811 813 862 bauai
824 811 1004 876 quinquaginta
1015 811 1067 862 siut
1078 810 1135 861 tiliae
1144 828 1166 860 u.
1174 836 1206 847 —
1216 808 1231 875 5
1241 809 1283 860 ld.
1296 809 1359 860 For-

298 910 366 952 tasse
377 902 448 962 latet,
460 902 486 951 in
500 914 561 951 noce
573 900 658 964 spuria
670 900 807 959 intercidas,
817 901 906 963 partic.
914 900 1064 959 interdictos,
1074 898 1210 958 eteucidit,
1219 904 1358 962 postpecu·

297 991 405 1049 ariorum,
417 1002 464 1040 seu
473 989 655 1055 promissiones,
668 1002 714 1039 seu
724 988 933 1053 profusiones.'—
946 989 1039 1053 Legum
1051 989 1159 1039 subinde
1172 1005 1185 1034 ιι
1197 988 1224 1037 in
1236 987 1358 1038 coaditio-

298 1079 369 1129 nlbas
382 1100 404 1139 ι,
417 1093 462 1143 pro
473 1078 626 1129 coitionibus.
645 1105 667 1115 -
682 1078 779 1141 Sequar
790 1078 942 1143 Madvigium
955 1079 1007 1143 qui,
1020 1086 1048 1130 ut
1059 1079 1120 1129 olim
1131 1079 1159 1128 P.
1172 1076 1308 1136 Manutius,
1321 1075 1358 1126 le·

296 1170 409 1233 gendum
420 1182 478 1220 esse
489 1174 578 1220 censet
591 1184 597 1217 ε
612 1189 622 1212 ι
636 1168 679 1232 qul
691 1167 798 1217 edictm
810 1187 834 1230 ι,
849 1181 893 1232 pro
905 1168 1029 1227 dilectum,
1047 1168 1208 1219 adsentiente
1228 1179 1288 1217 non.
1297 1173 1358 1216 vero

297 1258 455 1322 obsequente
467 1256 574 1307 Halmio.
585 1282 616 1297 -
628 1256 691 1319 ΙΙΙ).
705 1256 793 1308 Lectio
804 1257 941 1308 codicum:
958 1278 968 1301 ι
983 1270 1034 1308 non
1046 1259 1121 1308 modo
1139 1257 1169 1307 ad
1186 1255 1297 1306 fructum
1315 1255 1358 1305 ille

296 1348 529 1410 estsuurptus,scd
542 1346 663 1397 etiamad
676 1345 754 1397 iaenus
773 1347 906 1412 exiguus»
925 1361 976 1398 non
996 1342 1105 1399 absurda
1124 1346 1251 1397 videbitur
1269 1345 1293 1395 si
1311 1344 1357 1395 tibi

297 1436 377 1501 lingas
388 1436 517 1487 hominem
529 1439 708 1500 artmptuosum,
721 1435 765 1499 qui
777 1448 833 1499 quae
843 1436 914 1499 cupit
925 1450 976 1487 non
988 1442 1060 1487 curat
1071 1436 1198 1500 quomodo
1216 1422 1357 1498 comparet,

297 1537 406 1589 suasque
418 1537 480 1588 opes
492 1524 601 1588 majores
613 1536 688 1588 quam
699 1532 758 1575 sunt
769 1525 898 1575 existimet
905 1539 915 1586 ς
928 1533 1051 1588 praterea
1063 1537 1118 1574 voc.
1139 1524 1244 1587 prmius,
1266 1521 1358 1572 melius

298 1627 372 1679 quam
383 1618 504 1679 sumptas,
517 1628 575 1665 cum
587 1614 667 1677 scuris
678 1614 811 1678 congruit3
823 1614 938 1679 ejusdem
951 1615 1054 1682 generis
1065 1619 1133 1677 sunt,
1147 1627 1195 1664 nco
1213 1613 1246 1664 de
1263 1610 1358 1663 lenorc

298 1704 420 1755 solvendo
432 1704 473 1754 bic
484 1704 577 1768 agitur.
589 1731 620 1740 -
632 1704 644 1767 i
656 1703 695 1753 50.
709 1704 883 1768 iuterrogaudi
895 1704 994 1768 signum
1007 1702 1150 1767 ponendum
1162 1714 1220 1753 esse
1231 1707 1320 1751 mouet
1331 1701 1357 1751 Ga

299 1792 326 1841 ΙΙ.
334 1792 375 1841 W.
389 1790 519 1853 Miiller'uq
532 1797 589 1854 post
602 1803 719 1854 «pauper
730 1791 832 1841 tandem
843 1789 921 1851 init»,
933 1790 1062 1855 quodiam
1074 1778 1356 1853 viderathttenbacb.

298 1879 402 1945 -551,
415 1882 508 1945 Legum
519 1893 578 1931 cum
589 1879 749 1931 Guilielmio:
762 1898 775 1925 α
788 1880 892 1931 minime
903 1894 961 1930 coru
973 1880 1059 1932 noceri
1071 1900 1094 1942 ·‚
1108 1893 1153 1943 pro
1166 1878 1234 1943 vulg.
1247 1877 1326 1943 quusi.
1415 1934 1418 1938 ,

735 2057 919 2067 -ι---

506 2289 556 2358 DE
581 2290 633 2359 RE
657 2288 824 2359 rustica
848 2288 965 2359 LIBER
988 2288 1147 2358 PRIMUS.

329 2686 348 2748 l,
361 2685 373 2748 i
385 2686 408 2735 l.
425 2686 541 2735 Fortasse
549 2685 690 2749 legendnm
703 2701 709 2734 :
724 2707 734 2730 ι
749 2684 829 2749 etqui
841 2699 890 2736 non
902 2692 961 2735 sunt
972 2684 1060 2750 procul
1072 2684 1104 2735 ab
1116 2684 1197 2734 autb
1211 2684 1288 2734 buius
1299 2697 1357 2734 me-

299 2774 378 2825 moria
393 2794 415 2833 ι,
427 2779 455 2824 ut
467 2774 510 2840 qai
520 2775 674 2837 respondeat
692 2788 764 2837 pron.
782 2788 839 2831 eos,·
859 2774 939 2824 Halm.
956 2773 1055 2824 edidit:
1076 2780 1127 2824 «et
1144 2773 1201 2837 quia
1220 2780 1282 2823 snut
1296 2774 1358 2823 loni

295 2856 397 2927 procnl‚'
408 2870 458 2914 etc.
474 2882 484 2905 ι
497 2864 522 2913 in
535 2864 705 2928 qua-lectione
716 2876 789 2928 pron.
803 2878 843 2915 eoa
855 2863 916 2914 milri
928 2865 1039 2928 pendere
1051 2864 1161 2914 ridetur.
1177 2863 1261 2915 (lodex
1279 2863 1357 2913 babet

299 2971 310 2996 ι
323 2958 350 3002 et
361 2953 405 3016 qui
416 2958 475 3002 sunt
489 2963 510 3000 ι.
518 2974 554 2989 ·-
562 2951 647 3002 Malim
659 2953 780 3012 ardorem,
794 2967 840 3016 pro
853 2953 920 3017 vulg,
933 2966 1052 3012 umorem,
1065 2952 1132 3017 quod
1144 2966 1237 3004 nomeu
1249 2952 1356 3017 requirit

297 3041 324 3090 ia
335 3054 380 3092 seu
393 3054 458 3103 erqo,
472 3055 522 3092 uon
532 3042 593 3092 r'ero
605 3043 646 3092 ud.-
784 3041 787 3047 '

299 3159 302 3166 ι
330 3129 359 3193 ΙΙ,
372 3130 384 3193 5
395 3130 419 3180 2.
437 3130 583 3194 degendum
596 3142 654 3181 esse
665 3132 776 3195 opinor:
797 3131 866 3195 «qui
884 3132 938 3182 hacc
955 3130 1097 3195 disciplinis
1113 3130 1289 3227 inlomrarunl,
1307 3130 1355 3182 alia

297 3220 410 3271 moribus
421 3219 611 3280 confirmarunt,
624 3228 761 3271 sanxerunt
771 3227 855 3271 autem
863 3220 1018 3285 alialegibus
1028 3241 1037 3265 ι
1049 3236 1056 3282 ;
1068 3234 1114 3272 seu
1122 3221 1289 3273 omittendum
1297 3234 1355 3274 esse

284 3309 536 3360 'alinantcmoribur
551 3318 578 3361 et
595 3311 780 3362 restituendum
798 3308 940 3371 iniuratum.
958 3311 1076 3361 Fortasse
1095 3312 1205 3375 priorem
1222 3312 1355 3363 sententiae

296 3397 402 3448 formam
413 3392 551 3463 scripserat
561 3400 666 3459 Tullius,
678 3407 705 3451 et
715 3397 808 3450 deinde
818 3399 923 3449 aiteram
935 3400 1116 3464 elegantiorem
1127 3399 1269 3461 substituit,
1286 3400 1355 3465 quod
1408 3464 1414 3472 ἱ

297 3487 414 3537 librarios
424 3487 489 3551 fugit
500 3489 543 3551 qui
555 3496 687 3553 utramque
700 3488 912 3551 permiscuerunt.

329 3576 370 3638 ΙΙΙ,
383 3576 395 3639 5
406 3576 430 3625 i.
447 3576 542 3627 Deesse
554 3577 654 3629 uidetur
665 3590 757 3627 nomen
770 3578 821 3627 viro
834 3590 880 3627 seu
892 3584 950 3628 ante
962 3590 1008 3627 seu
1020 3584 1078 3642 post
1089 3578 1206 3643 pipiliani,
1226 3578 1293 3642 quod
1306 3591 1354 3628 ne·

297 3664 416 3728 plectum,
429 3665 512 3715 alieno
524 3664 580 3715 loco
591 3664 658 3715 inter
669 3665 707 3715 vel
719 3672 744 3715 et
756 3666 831 3715 etium
843 3664 916 3729 paulo
934 3664 997 3716 inira
1014 3679 1146 3730 perperam
1163 3667 1287 3717 insertum
1305 3673 1354 3729 est,

297 3754 345 3805 snb
357 3753 436 3805 forma
448 3752 515 3821 conj.
528 3768 593 3805 vcro.
601 3754 652 3817 -Ι
662 3754 686 3804 o.
699 3755 804 3817 inclusit
815 3754 907 3815 Halm„
919 3755 1019 3807 Mosero
1030 3762 1144 3818 auctore,
1157 3756 1250 3808 uerba:
1264 3756 1354 3819 «prin-

297 3842 381 3905 cipum
394 3843 477 3893 caedes
489 3864 512 3907 2,
525 3838 581 3907 que
593 3843 711 3895 videntur
722 3857 737 3893 a
749 3844 858 3907 quodam
870 3844 965 3895 lectore
977 3845 1003 3893 iu
1014 3845 1128 3909 margine
1140 3844 1234 3918 scripta
1252 3845 1278 3894 in
1295 3858 1356 3895 ora·

298 3933 393 3984 tionem
412 3946 544 3998 perperam
562 3934 706 3997 irrepsisse.
725 3935 889 3986 -Fortasse
908 3935 1045 3998 scripserat
1063 3934 1153 3987 Cicero
1170 3937 1287 3995 amamus,
1308 3949 1354 3999 pro

297 4024 429 4074 amantius.

319 4112 368 4176 ΙΙΙ,
381 4114 428 4175 ς-Ι.
447 4114 539 4164 Malim.
551 4127 609 4165 cum
621 4114 674 4165 ios.
686 4115 750 4165 vict.
760 4114 891 4165 Clericoet
899 4115 939 4165 ΙΙΙ.
949 4115 976 4165 G.
986 4113 1086 4175 Wolfio,
1101 4116 1225 4181 «quicum
1232 4118 1322 4169 liceret
1331 4140 1353 4182 ι,

297 4215 344 4265 pro
356 4202 422 4267 vulg.
436 4204 484 4263 cui,
497 4204 532 4254 ob
543 4218 567 4253 ι.
582 4204 742 4254 dubitauerim
754 4205 822 4268 quod
840 4204 982 4267 subiectum
1002 4204 1115 4268 requirit.
1129 4233 1159 4244 -
1178 4206 1226 4272 §M
1246 4207 1354 4259 Tullium
1428 4206 1433 4212 '

296 4291 430 4356 scripsisse
442 4292 558 4355 suspicor
571 4307 578 4341 ι
592 4312 603 4337 ι
617 4298 645 4343 ut
657 4292 724 4343 nulla
735 4292 807 4357 quasi
819 4293 970 4353 adiumento,
990 4307 1037 4356 pro
1055 4293 1121 4359 vulg.
1142 4295 1266 4357 nimenta,
1286 4299 1354 4361 quod

297 4379 364 4431 male
373 4381 493 4432 convenit
504 4394 561 4431 cum
574 4380 671 4446 reliqua
684 4382 810 4433 sententia
823 4390 918 4433 etcum
930 4389 994 4446 part.
1008 4383 1086 4449 quusi.

327 4470 356 4532 Ι,
369 4469 415 4533 59.
434 4467 520 4522 Edidit
531 4470 619 4531 Maius,
630 4483 706 4535 quem
716 4472 817 4535 sequuti
828 4479 889 4524 sunt
899 4469 1012 4524 editores
1024 4488 1031 4522 ε
1045 4486 1153 4538 «neque
1170 4474 1277 4526 dicentis
1293 4487 1353 4526 cum
