3325 5159
300 565 334 620 52
534 564 575 620 bn
590 576 704 622 rrnrnns
716 576 854 621 nononnu
871 564 901 635 ΙΙ,
915 578 1009 635 ιι-ιιιι,
1024 565 1119 623 iii-lii.

297 701 439 751 communis
448 721 470 761 »,
482 701 550 765 quod
559 699 730 751 iacileabesse
739 708 841 764 potest:
854 702 893 752 vel
902 702 1039 766 legendum
1047 702 1175 752 bominum
1183 703 1361 765 praemelium.

296 817 326 827 -
339 790 422 839 Facile
435 790 560 841 assentior
572 790 737 841 Scboemanno
756 791 859 854 (opusc.
872 792 950 842 Acad.
964 791 1010 853 ΙΙΙ,
1029 805 1052 854 p.
1066 791 1122 855 399)
1139 792 1252 855 legenti:
1272 813 1282 835 ι
1296 792 1361 841 nibil

299 880 375 930 eiiam
390 879 534 943 probibet»
552 892 598 942 pru
617 880 703 929 «nibil
715 881 783 930 enim
799 881 898 943 prob.»
923 880 980 931 Vid.
992 880 1080 943 Suppl.
1093 881 1152 930 ado.
1172 894 1197 943 p.
1210 880 1275 943 236,
1291 882 1362 944 apud

298 969 392 1019 Baiter.
403 995 433 1004 -
446 968 508 1031 526.
521 969 586 1018 biolo
599 968 686 1031 legere
698 982 755 1019 cum
767 969 868 1019 barisio
882 985 889 1017 :
903 990 913 1013 ι
928 968 1019 1033 quoad
1033 967 1169 1019 vivendum
1180 968 1360 1020 crescendum·

296 1069 346 1120 que
363 1056 475 1118 valeant,
496 1063 522 1105 et
536 1068 583 1106 sno
599 1069 695 1119 genere
712 1057 861 1119 perveniant
876 1058 909 1108 ad
921 1064 1064 1109 extremum
1079 1075 1108 1118 u,
1125 1070 1200 1121 quam
1216 1070 1275 1109 cum
1287 1057 1361 1108 liad-

296 1145 379 1221 vigio:
394 1145 511 1209 «quoad
525 1145 565 1193 viv
569 1180 627 1194 ......
639 1149 666 1195 ui
677 1159 725 1196 sno
735 1160 831 1211 genere
844 1160 934 1209 perr.»
948 1148 1003 1198 Non
1014 1147 1084 1197 eninr
1097 1159 1154 1211 quae
1165 1160 1197 1198 ex
1210 1146 1359 1211 vegetabili·

295 1236 343 1285 bus
358 1235 506 1298 gignuntur,
526 1246 556 1283 ea
569 1234 654 1284 uivere
673 1242 699 1285 et
710 1248 829 1285 crescere
842 1235 941 1297 valent,
960 1235 1007 1286 sed
1021 1235 1173 1299 vegetabilia
1192 1236 1247 1299 ipsa
1267 1236 1359 1290 barum

299 1324 407 1385 partium
420 1337 485 1386 ope3
502 1323 570 1387 quod
582 1331 714 1373 enarratur
726 1324 791 1374 inira
812 1324 875 1387 §33-
887 1352 917 1363 -
929 1325 1046 1376 Fortasse
1064 1324 1220 1389 legendum:
1241 1346 1252 1369 ι
1268 1332 1295 1377 ut
1311 1326 1361 1376 iarn

296 1410 373 1461 liceat
387 1424 435 1460 una
447 1410 676 1474 comprehensione
688 1412 771 1462 omnia
782 1412 916 1477 compleris
932 1418 977 1472 (sc.
991 1413 1075 1477 nobis)
1093 1427 1143 1465 non
1154 1413 1302 1465 dubitanter
1317 1414 1362 1464 di·

297 1511 357 1549 cere
368 1519 393 1559 »,
411 1499 480 1563 quod
500 1499 592 1550 melius
607 1500 727 1551 convenit
749 1514 807 1550 cum
823 1501 912 1552 verbis
929 1502 1038 1551 vimmo:
1050 1510 1076 1552 et
1094 1502 1197 1552 diotone
1211 1514 1270 1565 quae
1280 1514 1361 1565 supe-

297 1586 350 1637 rins
363 1586 489 1651 leguntur.
499 1614 530 1623 -
545 1587 609 1651 §²7-
621 1588 770 1639 Ciceronem
783 1590 820 1639 sie
831 1589 966 1651 scripsisse
977 1590 1093 1652 suspicor
1106 1605 1113 1638 :
1132 1611 1143 1633 ι
1157 1590 1208 1641 Vos
1218 1590 1361 1654 ignoscetis

298 1675 373 1726 buius
384 1677 468 1738 aetati;
480 1677 576 1727 etenim
588 1677 647 1728 huic
659 1690 738 1739 nunc,
755 1685 805 1729 etc.
820 1699 830 1722 ι
850 1677 944 1728 Nonius
955 1678 1050 1728 omittit
1066 1679 1132 1729 enim
1148 1685 1206 1741 post
1224 1679 1300 1728 buius
1313 1692 1361 1729 sen

299 1766 377 1815 cuius.

331 1858 362 1919 x,
375 1857 387 1920 5
398 1856 438 1934 28.
452 1856 569 1908 Alienum
582 1856 665 1908 locum
678 1859 840 1920 usurpavisse
853 1858 953 1910 ridetur
964 1859 1123 1910 membrum:
1138 1880 1148 1902 «
1162 1871 1205 1911 res
1216 1860 1285 1911 enim
1297 1872 1362 1911 con-

300 1937 405 1996 current
422 1947 554 1996 contrariae
569 1966 596 2003 ·‚
619 1947 686 2011 qnod
706 1947 790 2009 aptius
809 1959 871 1997 sane
893 1947 1024 2011 legeretur
1042 1955 1100 2010 post
1122 1948 1214 2012 «quod
1236 1947 1294 1998 lieri
1310 1961 1361 1998 non

302 2042 385 2097 potest
398 2054 428 2095 n,
446 2035 566 2085 mutando
585 2039 729 2084 concumbi
745 2036 771 2084 in
787 2041 970 2087 concurrerent.
982 2064 1013 2073 ——
1024 2037 1128 2088 Rectius
1139 2044 1166 2088 et
1177 2037 1290 2100 planius,
1303 2038 1363 2101 opi-

301 2137 357 2186 nor,
371 2123 522 2185 procederet
533 2123 614 2174 oratio
626 2123 752 2187 legendo:
772 2146 782 2167 ι
795 2132 840 2175 aut
853 2126 905 2188 qui,
923 2132 951 2175 ui
963 2125 1006 2176 ille
1017 2125 1084 2189 apud
1095 2126 1254 2185 Terentium,
1267 2127 1363 2178 decre-

302 2213 337 2262 rit
350 2231 363 2258 »
386 2220 413 2262 et
426 2212 569 2275 deinceps:
590 2230 603 2255 α
615 2224 663 2262 suo
681 2219 741 2262 nato
760 2212 845 2263 iacere
859 2214 928 2276 ipse,
950 2220 978 2264 nt
995 2213 1046 2276 ait,
1064 2215 1123 2264 dnrn
1144 2214 1187 2265 liat
1204 2214 1293 2265 miser.
1309 2235 1363 2258 »-

302 2300 365 2363 §iu
378 2301 508 2363 Aptioreur
520 2300 603 2350 locum
614 2300 732 2351 obtinere
744 2301 806 2351 mibi
820 2302 938 2353 videntur
951 2302 1045 2352 verba:
1059 2324 1070 2346 ι
1084 2316 1131 2353 nec
1143 2302 1261 2354 dubitant
1274 2323 1285 2346 ι
1304 2310 1361 2366 post

304 2410 313 2431 ·
328 2389 440 2439 scientes
451 2389 552 2438 irruunt
566 2409 588 2438 ι.
600 2416 631 2425 -
642 2388 688 2438 Vir
700 2388 791 2440 deesse
803 2398 888 2453 potest
900 2391 1027 2454 oppositio
1043 2398 1102 2442 ante
1114 2391 1274 2441 membrum:
1292 2412 1304 2435 ι
1317 2391 1361 2455 qui

301 2477 351 2539 ipsi
362 2477 412 2527 sibi
424 2477 519 2529 bellum
529 2478 682 2529 indixissent
695 2498 723 2541 ι,
740 2479 831 2529 addam
848 2483 888 2537 ui,
908 2492 964 2543 qnae
976 2478 1098 2542 particula
1115 2477 1189 2529 facile
1205 2489 1364 2531 euanescere

263 2567 265 2570 ’
303 2566 391 2627 potuit.

332 2653 375 2715 ΙΙΙ,
388 2653 402 2717 5
414 2653 454 2704 33.
467 2655 565 2718 begere
577 2655 680 2704 malim:
706 2676 716 2697 ι
730 2654 879 2704 haecomnia
893 2653 948 2717 regi
960 2669 975 2702 u
987 2661 1075 2705 natura
1089 2661 1193 2718 putant,
1211 2655 1271 2720 qma
1281 2656 1306 2706 si
1317 2668 1364 2705 na-

303 2750 357 2793 tura
378 2744 505 2807 negligat,
525 2744 579 2805 ipsa
598 2756 725 2794 essenon
745 2748 849 2806 possunt
861 2763 886 2792 ι.
901 2770 931 2780 -
947 2744 1044 2807 Sequar
1061 2743 1256 2794 Scboemannum
1278 2744 1364 2809 (inrui

305 2830 432 2895 legentem
453 2847 460 2879 ι
480 2833 546 2896 «qui
562 2832 750 2890 continetur»,
773 2846 819 2895 pro
837 2834 926 2897 «puio
938 2832 1101 2883 continentur
1115 2853 1143 2891 ι,
1165 2833 1233 2896 quod
1249 2832 1365 2883 admisce

303 2927 359 2970 rant
377 2919 491 2970 editores
510 2921 684 2982 recentiores,
707 2927 811 2971 auctore
830 2921 946 2981 Davisio;
969 2920 1073 2971 codices
1095 2920 1190 2972 babent
1213 2920 1282 2984 «qui
1298 2934 1364 2972 cou-

304 3008 416 3059 tinentur
430 3028 451 3057 ι.

334 3098 393 3156 llll,
407 3098 471 3161 §34-
489 3098 607 3149 Fortasse
619 3098 710 3148 melius
722 3097 822 3161 legetur
835 3113 842 3145 ε
862 3120 871 3141 ι
887 3100 939 3147 lum
950 3110 1006 3162 quae
1017 3097 1132 3160 corporis
1143 3104 1211 3158 sunt,
1222 3104 1274 3148 etc.
1288 3117 1300 3140 »
1319 3111 1365 3161 pro

303 3202 369 3236 urim.
386 3214 409 3223 -
425 3187 489 3251 535.
505 3186 570 3236 Nibil
582 3187 650 3237 allud
664 3187 751 3237 ridere
764 3199 867 3250 possum
879 3187 905 3235 in
918 3187 964 3236 bac
975 3187 1119 3237 sententia:
1136 3205 1149 3231 o
1163 3199 1245 3251 neque
1257 3194 1298 3238 est
1313 3188 1365 3238 du-

303 3276 372 3325 bium
385 3275 445 3338 quin
458 3274 544 3337 frons,
556 3275 637 3330 oculi,
650 3287 726 3324 aures
737 3280 764 3323 et
776 3274 881 3338 reliquae
894 3281 978 3337 partes
990 3275 1076 3338 quales
1089 3276 1196 3339 propriae
1206 3282 1267 3326 suut
1277 3275 1365 3327 bomi-

304 3363 344 3411 nis
354 3361 531 3425 intelligatur»
549 3375 624 3426 quam
636 3362 821 3412 enarrationem
839 3362 970 3426 cujusdam
985 3363 1144 3426 scholiastae,
1161 3377 1237 3428 quem
1253 3365 1366 3427 produnt

304 3464 360 3499 voc.
372 3455 439 3509 suni,
449 3452 571 3515 propriu,
591 3452 753 3514 intellipuiur.
770 3451 851 3503 Aliter
861 3452 953 3502 scribit
963 3453 1073 3517 Tullius,
1090 3453 1167 3517 quisi
1179 3454 1290 3518 priorem
1301 3467 1366 3505 sen-

306 3539 411 3587 tentiam
423 3539 548 3610 exemplis
558 3539 709 3590 confirmare
723 3540 858 3603 voluisset,
871 3540 1013 3605 elegantius
1024 3549 1095 3593 certe
1111 3550 1138 3593 ct
1158 3542 1280 3593 disertius
1298 3542 1368 3593 loeu-

306 3634 347 3678 tus
358 3635 436 3679 esset.
449 3629 502 3678 lloc
513 3628 570 3679 loco
579 3629 663 3680 deleto
675 3629 923 3699 nibildesideres.÷
935 3629 949 3695 5
961 3630 1000 3680 36.
1014 3630 1112 3681 Abesse
1124 3636 1207 3694 potest
1220 3644 1268 3681 ror
1279 3644 1367 3680 censue

305 3719 373 3769 inter
383 3732 427 3768 suo
439 3727 465 3769 et
477 3722 590 3784 quisquc,
602 3727 716 3782 utsupra
729 3720 796 3770 inter
807 3733 853 3769 suu
865 3726 892 3770 et
904 3720 1030 3784 cuiusque.

336 3808 400 3869 ΙΙΙΙΙ,
414 3809 425 3870 i
436 3808 475 3859 38.
493 3808 605 3872 begam:
624 3826 638 3853 o
651 3808 686 3862 At
697 3809 765 3858 enim
778 3808 890 3858 omnium
903 3821 1005 3870 rernm,
1023 3816 1073 3859 etc.
1084 3822 1112 3870 »3
1129 3820 1186 3857 nam
1198 3808 1368 3871 oppositionis

305 3898 406 3962 signum
420 3899 458 3948 rix
472 3899 563 3949 deesse
575 3905 668 3961 potest.
1319 3943 1322 3950 .

336 3988 399 4048 le,
411 3989 422 4050 ᾖ
434 3988 474 4039 39.
490 3988 638 4038 Ciceronem
651 3988 722 4051 prius
732 3988 866 4051 scripsisse
881 3987 997 4049 suspicor
1013 3988 1038 4036 in
1052 3986 1150 4049 periodi
1164 3986 1294 4037 clausula:
1315 4009 1324 4030 ι
1339 3994 1368 4037 ut

306 4089 354 4137 quo
367 4077 544 4138 naturalem,
564 4090 595 4127 eo
612 4076 710 4139 possint
726 4077 764 4126 ire
775 4097 803 4134 ι,
820 4089 895 4139 qnam
907 4076 1044 4127 clausulam
1055 4075 1150 4126 deinde
1165 4076 1279 4139 neglexit
1294 4076 1368 4140 quasi

306 4177 487 4226 superuacuam
499 4174 526 4216 et
537 4166 642 4217 minoris
654 4166 797 4230 dignitatis,
815 4174 841 4216 et
853 4166 890 4215 sic
902 4166 1042 4216 orationem
1055 4165 1196 4216 immutavit
1211 4180 1218 4214 :
1237 4187 1246 4207 α
1264 4172 1291 4215 ui
1306 4166 1369 4228 ipsae

308 4253 381 4314 uiues,
393 4255 415 4304 si
426 4255 495 4319 loqui
507 4257 613 4318 possint,
627 4257 661 4306 ita
672 4269 701 4306 se
710 4256 854 4306 tractandas
866 4256 1023 4320 tuendasque
1035 4254 1160 4306 fateantur
1172 4269 1202 4316 »3
1214 4256 1282 4319 quod
1296 4254 1369 4306 laciie

307 4344 453 4407 agnoscitur
467 4345 527 4396 uitio
539 4343 648 4408 duplicis
660 4350 687 4395 ui
698 4353 725 4396 et
736 4345 851 4409 duplicis
862 4346 964 4408 possint,
976 4353 1051 4408 atoue
1063 4346 1251 4408 asyndelo.-§
1262 4347 1302 4396 iil.
1312 4345 1374 4394 For·
