3325 5159
512 1109 578 1217 IN
613 1108 678 1216 II.
712 1110 765 1219 Τ.
799 1110 1147 1219 CICERONIS

358 1423 635 1559 LIBROS
685 1425 1300 1562 Pbttosorbluos

609 1757 777 1843 CURAE
805 1756 1047 1844 carileffi

468 2441 518 2509 DE
538 2441 702 2511 DEORUM
722 2442 886 2511 Nurum
905 2442 1022 2509 LIBER
1043 2442 1189 2510 PRIMUS

330 2798 350 2854 1,
362 2795 376 2861 ᾗ
388 2798 413 2846 1.
422 2796 448 2847 si
460 2796 545 2860 legas:
560 2797 642 2845 «Cum
650 2795 735 2847 multae
743 2810 785 2848 res
788 2833 847 2847 ......
856 2797 1069 2861 explicataerintu,
1077 2797 1354 2860 uthabentopt.oodd.‚

297 2887 361 2936 nihil
373 2900 437 2950 opus
454 2899 557 2937 seruare
576 2887 723 2950 particulam
742 2892 795 2937 tum
813 2896 872 2937 ante
886 2887 1046 2951 perdifficilis,
1056 2887 1149 2939 Confer
1164 2888 1199 2937 lle
1211 2886 1259 2937 Oli.
1272 2888 1291 2950 I,
1306 2887 1353 2949 54,

297 2975 342 3024 ubi
352 2975 461 3039 legitor:
474 2994 487 3020 «
500 2976 561 3025 Nam
572 2989 629 3024 oum
642 2975 719 3025 multa
730 2975 782 3025 sint
784 3011 832 3026 .....
845 2976 967 3026 latissime
980 2983 1067 3039 patere
1077 2976 1204 3026 uidentur.
1212 2994 1225 3021 u
1237 2975 1354 3026 Fortasse

297 3064 433 3128 legendum
447 3080 454 3113 ε
471 3079 530 3115 sone
542 3064 706 3128 perdifficilis.
721 3066 942 3116 o-lleidtmanu.
956 3066 994 3125 (ot
1006 3065 1085 3116 relert
1096 3066 1210 3115 balterus
1222 3065 1248 3115 in
1267 3064 1354 3128 Suppl.

298 3158 385 3208 adnot.
398 3171 424 3221 p.
441 3157 497 3218 tao)
510 3157 597 3207 delere
609 3157 670 3207 velit
681 3163 761 3208 totum
774 3159 930 3208 membrum:
946 3170 1022 3221 uquae
1033 3163 1060 3206 et
1070 3157 1101 3207 ad
1114 3156 1268 3220 agnitionem
1280 3155 1357 3206 animi

298 3248 467 3311 pulcherrima
478 3256 518 3298 est
529 3254 555 3298 et
566 3249 597 3299 ad
606 3248 785 3299 moderandam
797 3248 946 3312 religionem
954 3248 1097 3299 necessaria
1106 3262 1113 3310 ;
1123 3268 1134 3292 ι
1143 3248 1183 3298 cui
1194 3246 1304 3297 libenter
1314 3259 1356 3297 as-

300 3338 442 3388 sentior-
457 3337 572 3387 Baiterus
590 3336 616 3386 in
635 3338 698 3389 edil.
714 3336 785 3400 Lips.
801 3337 909 3387 inseruit
927 3351 984 3387 eum
999 3338 1066 3387 Inter
1084 3343 1171 3402 quaet
1186 3340 1246 3394 tam,
1265 3335 1356 3386 collato

299 3425 311 3488 5
323 3426 348 3487 5,
357 3433 433 3489 atque
447 3425 533 3476 omisit
544 3444 557 3470 ι
568 3434 594 3476 ut
606 3426 632 3475 id
642 3445 654 3469 r
667 3433 694 3476 et
705 3426 768 3489 legit
778 3427 865 3476 debent
876 3440 923 3489 pro
932 3426 1025 3475 debeat.
1039 3426 1164 3490 Equidem
1175 3425 1288 3475 omittam
1299 3427 1356 3474 aaut

299 3522 356 3578 post
363 3516 437 3565 ourioe
443 3522 470 3565 et
477 3514 559 3578 legam
566 3515 821 3566 debeat-blomne
829 3514 910 3578 asilo,
919 3515 1005 3566 omisit
1012 3515 1126 3565 Baiterus
1133 3527 1190 3565 voe.
1196 3513 1355 3578 priuatorum,

298 3603 365 3655 iuter
375 3618 475 3655 corisum
486 3612 513 3654 et
521 3603 799 3668 pbiloaoolrloeaeteuim
807 3602 897 3667 copula
909 3604 983 3654 deest
993 3603 1020 3653 iu
1031 3610 1084 3667 opt.
1096 3602 1182 3665 codd,
1191 3602 1258 3652 unde
1270 3601 1357 3664 suspi-

298 3693 338 3744 cio
349 3692 688 3757 glossematisoonlirmatur.
702 3693 790 3743 Postea
803 3692 829 3741 iu
841 3692 954 3743 editione
963 3692 1089 3756 Lipsieusi
1097 3690 1197 3742 edidit«
1207 3688 1356 3752 principium

298 3781 464 3845 pbilosophiae
477 3800 500 3839 u,
512 3781 606 3832 omisso
615 3795 671 3832 roo.
680 3795 788 3830 oausam.
796 3781 847 3843 -ς
858 3780 882 3830 R.
896 3780 987 3831 Merito
998 3788 1087 3830 censet
1095 3779 1186 3829 Balius
1194 3774 1291 3842 (Suppt.
1299 3776 1356 3826 adu.

299 3885 323 3934 p.
336 3872 383 3921 480
394 3884 426 3921 ex
438 3871 561 3921 Mnemos.
575 3870 605 3928 Il,
618 3885 643 3933 p.
657 3869 712 3933 lla)
724 3870 861 3920 delendum
880 3882 938 3919 esse
951 3869 1022 3919 verb.
1040 3871 1200 3932 putaverunt,
1221 3865 1288 3930 quod
1307 3878 1357 3915 non

296 3958 416 4010 convenit
426 3972 484 4009 cun
496 3977 509 4003 ι
518 3958 634 4009 dubitare
642 3972 670 4009 se
678 3961 854 4023 Protagoras»,
868 3971 950 4023 neque
959 3971 1015 4008 eum
1027 3964 1113 4020 aperta
1126 3954 1284 4020 professione
1297 3954 1357 4004 lila-

299 4061 368 4111 gorae
378 4055 406 4100 et
417 4048 552 4098 Theodori.

330 4136 361 4195 ll,
373 4137 385 4199 ς
396 4136 420 4186 3.
434 4140 544 4186 artotore
556 4136 761 4200 wyttenbachio,
775 4136 868 4186 rerba:
881 4153 894 4181 ιι
907 4134 1000 4199 quibus
1011 4133 1117 4184 sublatis
1129 4131 1287 4196 perturbatio
1299 4130 1356 4181 ritae

299 4226 415 4290 sequitur
427 4231 452 4275 et
460 4237 550 4289 magua
562 4224 678 4276 conlusio
692 4245 704 4271 u
716 4224 838 4275 transfert
849 4224 1009 4275 lleidtmann.
1018 4222 1034 4273 l.
1044 4223 1061 4275 l.
1070 4223 1144 4287 paulo
1155 4221 1293 4285 inira,post
1312 4221 1359 4271 tol·

300 4315 376 4375 latur,
391 4316 437 4387 ll.
451 4314 576 4378 Equidem
588 4315 704 4379 suspicor
715 4315 833 4375 TuIIIum,
845 4314 886 4364 bis
898 4314 967 4377 prius
978 4312 1090 4377 seriptis,
1103 4312 1255 4363 sententiam
1267 4309 1358 4361 deinde

1204 4414 1232 4460 tt
