3325 5159
304 580 340 637 88
533 580 575 637 ltu
593 592 713 638 nnonuu
731 593 848 652 utrum
866 582 901 639 ΙΙ.
922 592 1017 654 νι-ιν,
1039 582 1134 641 lodi.

303 722 331 770 ln
343 720 436 771 talibus
448 732 535 783 parum
546 720 631 771 valent
641 721 745 772 codices
756 699 901 785 ob'riguum
912 728 1001 772 uotum
1012 720 1150 772 accrrsatiui
1161 720 1231 785 quod
1238 733 1363 772 uouuum-

302 823 376 873 quam
388 810 521 872 omittitur‚
534 822 580 860 seu
593 823 725 873 perperam
738 810 879 873 suppletur.
899 810 945 860 liic
961 822 1015 860 acc.
1028 816 1099 860 ortus
1110 816 1151 860 est
1166 821 1199 860 ex
1210 809 1261 873 adj.
1276 809 1363 873 proxi·

305 914 347 951 mo
358 901 505 950 maalmam.

332 990 372 1053 Vl,
385 991 398 1055 5
410 992 444 1042 16.
459 992 569 1041 Geminae
587 990 774 1040 enunciatiouis
793 1003 886 1040 nouum
909 990 1045 1054 uestigium
1068 988 1272 1052 deprehendisse
1297 988 1359 1040 mibi

302 1080 391 1130 uideor
406 1080 432 1128 in
444 1092 473 1129 ea
485 1078 628 1129 sententia:
642 1098 653 1122 α
668 1078 732 1128 Esse
744 1086 828 1128 autem
847 1079 985 1137 hominem,
1005 1078 1049 1143 qui
1068 1078 1129 1128 nibil
1146 1077 1255 1128 inomni
1267 1077 1362 1127 mundo

302 1168 392 1218 mellus
403 1181 460 1217 esse
472 1180 546 1229 quam
564 1181 592 1217 se
606 1174 688 1229 putet,
707 1167 858 1229 desipientis
875 1167 1025 1231 arrogantiae
1044 1174 1084 1217 est
1097 1187 1118 1216 υ,
1132 1166 1261 1217 Alterutra
1281 1165 1362 1216 forma

299 1257 416 1320 eligenda
429 1264 484 1315 est·,
496 1269 541 1305 seu
552 1272 558 1304 :
571 1274 583 1301 u
593 1256 656 1306 Esse
669 1264 754 1305 autem
767 1256 1019 1319 bominem...,quam
1029 1268 1059 1305 se
1071 1262 1151 1318 putet,
1162 1254 1230 1305 baud
1238 1252 1362 1304 credibile

301 1355 341 1397 est
352 1362 379 1407 ·;
391 1360 453 1396 seu:
469 1367 479 1389 u
492 1347 558 1396 ttinil
570 1347 596 1395 in
608 1346 678 1397 omni
690 1346 784 1396 mundo
795 1346 887 1396 melius
898 1358 956 1395 esse
968 1358 1044 1408 quam
1060 1357 1088 1395 se
1099 1351 1201 1407 putare,
1210 1343 1362 1405 desipientis

300 1437 450 1500 arrogantie
461 1444 509 1486 est.
524 1455 537 1482 o
549 1435 621 1487 Geni.
635 1436 676 1496 ΙΙΙ,
689 1437 703 1499 5
715 1436 755 1487 26.
766 1464 798 1472 —
809 1435 823 1499 5
837 1437 874 1485 ΙΙ.
888 1435 1065 1499 Negationem,
1077 1441 1137 1484 ante
1155 1454 1165 1477 «
1181 1434 1264 1495 possis
1277 1432 1361 1483 addu-

297 1528 321 1576 ci
335 1546 357 1587 r,
371 1527 455 1576 malim
466 1526 594 1583 omittere,
611 1525 785 1589 interrogandi
802 1525 877 1587 siguo
896 1525 978 1587 posito
998 1531 1055 1587 post
1067 1543 1080 1569 n
1092 1523 1243 1574 edificatam
1252 1529 1328 1586 putes
1338 1534 1361 1571 ι’.

299 1614 463 1678 Negationem
476 1627 536 1664 vero
548 1626 651 1664 serrare
670 1612 777 1675 sinclis,
799 1612 934 1676 legendum
947 1612 1148 1676 quondoquidem,
1168 1624 1214 1661 seu
1232 1611 1361 1675 quoniam,

301 1717 348 1766 pro
360 1722 373 1748 «
386 1716 417 1753 au
429 1716 490 1753 uero
504 1722 526 1752 ι.

330 1795 382 1856 Vll,
396 1795 460 1859 519.
474 1794 621 1857 Legeudnm
640 1805 698 1843 esse
717 1805 825 1842 censeo:
840 1809 852 1835 ι(
866 1790 916 1841 uisi
932 1805 967 1841 ecc
986 1804 1045 1853 uno,
1065 1798 1115 1841 eto.
1130 1803 1202 1853 »pro
1222 1790 1292 1853 vulg.
1303 1802 1358 1846 ‘eor

300 1884 395 1933 etenim
407 1882 517 1933 refertur
528 1884 559 1933 ad
572 1896 628 1933 voc.
640 1882 759 1946 portibus.

331 1970 372 2031 ΙΙΙ,
385 1970 397 2031 5
408 1970 448 2019 nl.
462 1970 654 2020 Enarrntiouem
667 1968 823 2032 pronominis
835 1968 899 2033 prend
910 1968 936 2017 iu
947 1968 994 2018 hac
1002 1968 1129 2018 sententia
1138 1968 1230 2018 video:
1245 1973 1360 2031 «quanta

300 2059 338 2107 vis
349 2058 410 2107 insit
420 2057 512 2109 caloris
524 2058 627 2108 inomni
638 2071 746 2120 corpore
761 2077 783 2120 ι,
796 2070 852 2121 quae
864 2058 919 2107 sine
934 2056 984 2108 ullo
997 2057 1185 2121 perspicuitatis
1203 2056 1359 2107 detrimento

299 2147 391 2198 abesse
414 2155 506 2211 potest.
527 2148 553 2197 Si
571 2148 635 2197 uelis
654 2144 745 2197 tamen'
758 2146 826 2196 illam
845 2147 871 2196 iu
891 2154 963 2197 teitu
982 2160 1095 2209 serrare,
1113 2146 1250 2211 legendum
1268 2147 1362 2210 opinor

300 2237 466 2299 quamobrem,
479 2249 524 2300 pro
536 2255 549 2281 u
562 2237 629 2300 quod
643 2236 746 2300 quidem
760 2254 782 2285 ι».

331 2327 362 2389 ΙΙ,
375 2328 387 2389 5
398 2327 437 2377 26.
456 2330 566 2377 Auctore
584 2327 695 2389 butislo,
716 2326 802 2377 omisit
824 2327 938 2377 Baiterns
950 2346 962 2369 r
976 2333 1002 2376 et
1020 2326 1087 2377 fusio
1101 2345 1122 2384 »,
1135 2339 1181 2377 seu
1194 2325 1288 2390 effusio,
1303 2334 1361 2389 post

300 2415 405 2464 verbum
418 2416 539 2472 declarem
552 2414 666 2477 ejusdem
677 2416 827 2466 anctoritate
839 2416 937 2466 deleam
949 2416 1058 2475 adiectis,
1071 2416 1139 2480 quod
1150 2415 1262 2466 seruauit
1273 2414 1361 2465 Baite-

300 2517 353 2553 rus.
365 2504 466 2567 —502'1¹
489 2504 625 2554 verissime
646 2505 743 2555 monuit
762 2505 927 2555 liubnlrenius
950 2504 1085 2555 delendam
1105 2517 1162 2555 esse
1180 2504 1358 2554 seutentiam:

300 2613 311 2636 α
327 2592 369 2643 ille
383 2607 442 2644 uero
454 2600 480 2643 et
491 2594 571 2644 multo
584 2594 687 2657 quidem
699 2594 784 2644 calore
795 2594 923 2643 admixtus
942 2600 982 2644 est
995 2611 1017 2651 o,
1029 2606 1085 2657 quae
1105 2606 1209 2656 prorsus
1219 2594 1307 2656 inepta
1319 2601 1360 2644 est

300 2690 397 2744 postea
420 2695 475 2745 quae
488 2683 557 2745 prius
579 2683 715 2746 leguntur;
737 2683 783 2732 sed
801 2682 910 2732 subinde
928 2682 1025 2746 legam:
1044 2700 1057 2727 «
1069 2683 1112 2731 illc
1131 2685 1215 2732 nutem
1233 2676 1316 2733 oritur
1327 2695 1359 2733 ex

298 2771 466 2833 respiratione
488 2784 609 2834 aquarum
622 2790 644 2829 o,
659 2785 729 2838 pro«
743 2773 794 2835 ipse
810 2774 875 2822 enim
888 2791 910 2831 lt,
924 2773 1050 2823 etdeiude
1065 2788 1071 2821 :
1085 2791 1097 2817 n
1106 2773 1269 2823 earumenim
1280 2785 1360 2836 uapor

298 2863 370 2923 quasi
381 2862 484 2925 quidam
495 2874 539 2912 aer
551 2862 684 2913 habendus
696 2870 735 2912 est
749 2877 776 2923 ις
789 2870 886 2914 mutato
898 2864 954 2914 loco
967 2864 1095 2927 partioulae
1107 2864 1184 2928 quusi.

329 2952 370 3010 ΙΙΙ,
384 2952 397 3016 5
409 2953 449 3002 30.
461 2954 523 3002 Tum
536 2952 723 3015 perspicuitatis
739 2964 824 3014 causa,
844 2960 896 3003 tum
915 2953 1094 3003 concinnitatis
1112 2954 1210 3017 legam:
1229 2971 1242 2998 α
1255 2954 1358 3017 ideoprae

299 3041 374 3091 deum
383 3042 578 3100 essemundum,
587 3049 637 3091 etr.
649 3062 661 3086 ι»
674 3056 720 3105 pro
732 3056 815 3107 eoque,
825 3043 892 3107 quud
902 3042 964 3092 nulli
972 3043 1027 3093 voci
1039 3056 1086 3093 neo
1099 3043 1196 3093 notioni
1208 3042 1356 3106 respondet.

329 3129 382 3191 ΙΙΙΙ,
396 3130 407 3192 5
418 3129 456 3179 3⁶2.
470 3130 559 3179 llelius
571 3138 597 3179 et
609 3130 717 3193 planius,
730 3131 829 3193 opinor,
842 3131 934 3181 flueret
945 3132 1035 3190 oratio,
1044 3131 1076 3194 si,
1089 3139 1146 3193 post
1158 3143 1247 3181 voces:
1262 3144 1358 3195 ·quam

298 3219 347 3267 ulla
360 3225 447 3269 natura
464 3237 485 3275 o,
498 3219 640 3268 membrum
652 3218 790 3269 transieras
803 3235 809 3267 ι
823 3237 837 3262 u
850 3220 916 3282 quod
931 3221 952 3269 si
965 3220 998 3269 ita
1011 3226 1061 3276 est,
1073 3220 1175 3283 sapiens
1194 3220 1228 3270 sit
1246 3221 1357 3271 mundus

298 3318 404 3357 necesse
416 3314 456 3357 est
469 3324 492 3367 ι,
505 3307 572 3370 quod
590 3307 837 3371 argumentationem
856 3308 950 3370 rumpit
967 3309 1104 3359 inserendo
1124 3314 1279 3371 proepostere
1292 3322 1357 3359 con·

297 3396 446 3457 elusionem,
460 3396 501 3445 oui
513 3409 577 3446 nova
589 3397 704 3448 succedit
715 3410 771 3461 quae
782 3410 834 3447 nou
846 3404 916 3447 recte
931 3399 1033 3461 epriori
1045 3399 1124 3449 fluere
1142 3399 1251 3462 videtur,
1265 3400 1313 3450 sed
1324 3412 1355 3449 ex

297 3484 329 3533 iis
340 3497 396 3547 quae
406 3491 465 3534 ante
484 3484 612 3548 leguntur.
633 3484 704 3536 Gonl.
717 3485 731 3550 5
743 3486 782 3536 36.
805 3486 898 3549 Legum
911 3487 1019 3538 deinde:
1033 3506 1045 3533 u
1060 3495 1087 3538 ut
1105 3492 1186 3537 nutem
1204 3488 1273 3539 nulla
1285 3501 1354 3551 pars,

297 3580 347 3622 eto.
358 3592 370 3618 o
384 3586 429 3635 pro
443 3579 471 3622 ut
482 3573 547 3621 enim
558 3593 578 3621 o.

327 3661 390 3722 ΙΙΙΙΙ,
410 3660 474 3725 536.
490 3662 555 3712 Bake
568 3661 703 3725 legendum
715 3676 773 3713 esse
791 3671 879 3714 monet
898 3664 940 3729 (de
962 3665 1053 3729 Legg.,
1074 3679 1130 3729 pag.
1153 3666 1209 3727 ΙΙΙ)
1224 3681 1230 3714 :
1245 3684 1258 3711 n
1271 3679 1356 3716 rerum

298 3751 378 3800 omnis
396 3757 484 3801 natura
503 3769 525 3813 o,
539 3765 585 3814 pro
607 3751 726 3800 omnium.
741 3754 792 3815 —5
804 3754 844 3803 37.
862 3753 980 3804 Fortasse
999 3754 1090 3803 melius
1108 3754 1195 3818 legas:
1209 3772 1222 3799 α
1234 3755 1276 3804 cui
1292 3754 1356 3804 nibil

297 3840 359 3889 derit
372 3858 394 3903 »,
407 3852 481 3904 qnam
500 3840 562 3889 obsit
570 3858 579 3896 ‚·
591 3839 657 3890 conl.
672 3839 737 3904 538.

326 3930 388 3979 xlv.
401 3930 531 3994 aptiorem
543 3930 626 3980 locum
639 3931 756 3981 obtinere
773 3932 836 3980 milri
853 3932 953 3983 ridetur
973 3932 1078 3982 verbum
1097 3938 1140 3993 est,
1155 3940 1212 3996 post
1229 3932 1355 3997 perfectae

297 4030 372 4080 quam
391 4026 449 4081 post
470 4022 557 4075 ortus,-
575 4019 670 4070 omisso
689 4024 724 4069 est
743 4027 800 4082 post
817 4021 869 4069 sed.
883 4047 914 4057 —-
926 4020 940 4085 5
951 4022 990 4071 39.
1010 4022 1119 4072 incisum
1133 4038 1140 4071 z
1153 4041 1165 4067 u
1178 4022 1242 4072 nibil
1260 4025 1355 4074 mundo

296 4105 469 4169 perfectius»,
484 4107 509 4156 in
522 4121 573 4171 quo
590 4108 725 4158 verborum
738 4108 801 4158 ordo
813 4109 926 4159 incertus
938 4117 987 4169 est,
1001 4111 1135 4174 quamdam
1142 4110 1233 4161 scholii
1240 4113 1355 4174 speciem
1386 4147 1395 4158 .

297 4195 382 4255 habet,
393 4202 420 4245 et
431 4209 535 4258 prorsus
546 4198 667 4257 abundat,
680 4198 799 4262 quonlam
810 4198 836 4248 id
847 4200 899 4262 jam
911 4200 1007 4250 dictum
1024 4208 1073 4250 est.

326 4284 375 4333 xv.
389 4283 479 4333 llerito
491 4284 606 4335 Baiterus
618 4284 680 4349 legit
693 4300 700 4333 ι
713 4303 726 4329 «
739 4298 822 4349 neque
835 4285 883 4335 ulla
902 4293 1024 4349 praeterea
1043 4294 1079 4337 est
1096 4288 1207 4339 admixta
1225 4296 1316 4339 natura
1330 4310 1352 4349 ι,

296 4385 343 4437 pro
356 4372 422 4437 vulg.
435 4375 502 4421 mot.
