<?xml version="1.0" encoding="UTF-8"?>
<!DOCTYPE html PUBLIC "-//W3C//DTD XHTML 1.0 Transitional//EN"
    "http://www.w3.org/TR/xhtml1/DTD/xhtml1-transitional.dtd">
<html xmlns="http://www.w3.org/1999/xhtml" xml:lang="en" lang="en">
 <head>
  <title>
</title>
<meta http-equiv="Content-Type" content="text/html;charset=utf-8" />
  <meta name='ocr-system' content='tesseract 3.04.00' />
  <meta name='ocr-capabilities' content='ocr_page ocr_carea ocr_par ocr_line ocrx_word'/>
</head>
<body>
  <div class='ocr_page' id='page_1' title='image "./inciceronislibr00vaucgoog_0096.png"; bbox 0 0 3325 5159; ppageno 0'>
   <div class='ocr_carea' id='block_1_1' title="bbox 338 587 1181 659">
    <p class='ocr_par' dir='ltr' id='par_1_1' title="bbox 338 587 1181 659">
     <span class='ocr_line' id='line_1_1' title="bbox 338 587 1181 659; baseline 0.002 -14"><span class='ocrx_word' id='word_1_1' title='bbox 338 589 374 647; x_wconf 81' lang='lat' dir='ltr'><strong><em>st</em></strong></span> <span class='ocrx_word' id='word_1_2' title='bbox 551 588 593 645; x_wconf 82' lang='lat' dir='ltr'><strong><em>Iis</em></strong></span> <span class='ocrx_word' id='word_1_3' title='bbox 611 599 730 644; x_wconf 82' lang='lat' dir='ltr'><strong><em>nrouuu</em></strong></span> <span class='ocrx_word' id='word_1_4' title='bbox 748 599 863 644; x_wconf 80' lang='lat' dir='ltr'><strong><em>utruua</em></strong></span> <span class='ocrx_word' id='word_1_5' title='bbox 883 588 905 658; x_wconf 89' lang='lat' dir='ltr'><strong><em>l,</em></strong></span> <span class='ocrx_word' id='word_1_6' title='bbox 924 600 1067 659; x_wconf 79' lang='lat' dir='ltr'><strong><em>arv-nuru,</em></strong></span> <span class='ocrx_word' id='word_1_7' title='bbox 1086 587 1181 647; x_wconf 87' lang='grc'><strong>36-68.</strong></span> 
     </span>
    </p>
   </div>
   <div class='ocr_carea' id='block_1_2' title="bbox 294 725 1400 4437">
    <p class='ocr_par' dir='ltr' id='par_1_2' title="bbox 337 725 1395 968">
     <span class='ocr_line' id='line_1_2' title="bbox 338 725 1395 790; baseline 0 -13"><span class='ocrx_word' id='word_1_8' title='bbox 338 740 412 790; x_wconf 84' lang='lat' dir='ltr'><strong><em>quam</em></strong></span> <span class='ocrx_word' id='word_1_9' title='bbox 423 727 536 778; x_wconf 85' lang='lat' dir='ltr'><strong><em>editores</em></strong></span> <span class='ocrx_word' id='word_1_10' title='bbox 542 726 687 784; x_wconf 87' lang='lat' dir='ltr'><strong><em>discedens,</em></strong></span> <span class='ocrx_word' id='word_1_11' title='bbox 694 725 847 776; x_wconf 88' lang='lat' dir='ltr'><strong><em>seutentiam</em></strong></span> <span class='ocrx_word' id='word_1_12' title='bbox 859 739 925 789; x_wconf 80' lang='lat' dir='ltr'><strong><em>que,</em></strong></span> <span class='ocrx_word' id='word_1_13' title='bbox 938 733 996 788; x_wconf 87' lang='lat' dir='ltr'><strong><em>post</em></strong></span> <span class='ocrx_word' id='word_1_14' title='bbox 1009 746 1018 768; x_wconf 90' lang='grc' dir='ltr'><strong><em>ι</em></strong></span> <span class='ocrx_word' id='word_1_15' title='bbox 1029 726 1131 777; x_wconf 83' lang='lat' dir='ltr'><strong><em>retersit</em></strong></span> <span class='ocrx_word' id='word_1_16' title='bbox 1139 725 1221 777; x_wconf 86' lang='lat' dir='ltr'><strong><em>libros</em></strong></span> <span class='ocrx_word' id='word_1_17' title='bbox 1229 726 1395 790; x_wconf 58' lang='lat' dir='ltr'><strong><em>»legiturmic</em></strong></span> 
     </span>
     <span class='ocr_line' id='line_1_3' title="bbox 338 813 1395 879; baseline 0.002 -15"><span class='ocrx_word' id='word_1_18' title='bbox 338 814 493 877; x_wconf 87' lang='lat' dir='ltr'><strong><em>compleam:</em></strong></span> <span class='ocrx_word' id='word_1_19' title='bbox 504 834 515 856; x_wconf 85' lang='grc' dir='ltr'><strong><em>ι</em></strong></span> <span class='ocrx_word' id='word_1_20' title='bbox 525 815 612 864; x_wconf 88' lang='lat' dir='ltr'><strong><em>etenim</em></strong></span> <span class='ocrx_word' id='word_1_21' title='bbox 621 814 696 864; x_wconf 87' lang='lat' dir='ltr'><strong><em>modo</em></strong></span> <span class='ocrx_word' id='word_1_22' title='bbox 704 813 835 874; x_wconf 88' lang='lat' dir='ltr'><strong><em>mundum,</em></strong></span> <span class='ocrx_word' id='word_1_23' title='bbox 846 820 897 862; x_wconf 89' lang='lat' dir='ltr'><strong><em>tum</em></strong></span> <span class='ocrx_word' id='word_1_24' title='bbox 906 820 1017 863; x_wconf 92' lang='lat' dir='ltr'><strong><em>mentem</em></strong></span> <span class='ocrx_word' id='word_1_25' title='bbox 1024 813 1135 863; x_wconf 86' lang='lat' dir='ltr'><strong><em>diuinam</em></strong></span> <span class='ocrx_word' id='word_1_26' title='bbox 1143 826 1201 864; x_wconf 82' lang='lat' dir='ltr'><strong><em>esse</em></strong></span> <span class='ocrx_word' id='word_1_27' title='bbox 1209 824 1283 877; x_wconf 87' lang='lat' dir='ltr'><strong><em>putat</em></strong></span> <span class='ocrx_word' id='word_1_28' title='bbox 1291 834 1315 864; x_wconf 85' lang='grc' dir='ltr'><strong><em>ιι.</em></strong></span> <span class='ocrx_word' id='word_1_29' title='bbox 1328 817 1395 879; x_wconf 78' lang='lat' dir='ltr'><strong><em>Apud</em></strong></span> 
     </span>
     <span class='ocr_line' id='line_1_4' title="bbox 337 902 1148 968; baseline -0.005 -13"><span class='ocrx_word' id='word_1_30' title='bbox 337 904 445 955; x_wconf 87' lang='lat' dir='ltr'><strong><em>Tullium</em></strong></span> <span class='ocrx_word' id='word_1_31' title='bbox 457 904 516 954; x_wconf 87' lang='lat' dir='ltr'><strong><em>alibi</em></strong></span> <span class='ocrx_word' id='word_1_32' title='bbox 529 904 641 968; x_wconf 79' lang='lat' dir='ltr'><strong><em>legitur:</em></strong></span> <span class='ocrx_word' id='word_1_33' title='bbox 655 921 667 948; x_wconf 92' lang='grc' dir='ltr'><strong><em>ιι</em></strong></span> <span class='ocrx_word' id='word_1_34' title='bbox 678 903 755 954; x_wconf 86' lang='lat' dir='ltr'><strong><em>modo</em></strong></span> <span class='ocrx_word' id='word_1_35' title='bbox 768 915 855 964; x_wconf 89' lang='lat' dir='ltr'><strong><em>uuum,</em></strong></span> <span class='ocrx_word' id='word_1_36' title='bbox 869 910 921 952; x_wconf 89' lang='lat' dir='ltr'><strong><em>tum</em></strong></span> <span class='ocrx_word' id='word_1_37' title='bbox 933 910 1018 951; x_wconf 88' lang='lat' dir='ltr'><strong><em>autem</em></strong></span> <span class='ocrx_word' id='word_1_38' title='bbox 1032 902 1148 966; x_wconf 78' lang='lat' dir='ltr'><strong><em>plures».</em></strong></span> 
     </span>
    </p>

    <p class='ocr_par' dir='ltr' id='par_1_3' title="bbox 337 993 1398 1412">
     <span class='ocr_line' id='line_1_5' title="bbox 369 993 1398 1058; baseline 0.001 -14"><span class='ocrx_word' id='word_1_39' title='bbox 369 994 431 1052; x_wconf 81' lang='lat' dir='ltr'><strong><em>xlv,</em></strong></span> <span class='ocrx_word' id='word_1_40' title='bbox 444 994 505 1057; x_wconf 84' lang='lat'><strong><em>536.</em></strong></span> <span class='ocrx_word' id='word_1_41' title='bbox 519 994 637 1044; x_wconf 82' lang='lat' dir='ltr'><strong><em>omittam</em></strong></span> <span class='ocrx_word' id='word_1_42' title='bbox 649 1008 695 1057; x_wconf 83' lang='lat' dir='ltr'><strong><em>qne</em></strong></span> <span class='ocrx_word' id='word_1_43' title='bbox 707 1002 764 1057; x_wconf 90' lang='lat' dir='ltr'><strong><em>post</em></strong></span> <span class='ocrx_word' id='word_1_44' title='bbox 773 994 950 1057; x_wconf 74' lang='lat' dir='ltr'><strong><em>prohibentem,</em></strong></span> <span class='ocrx_word' id='word_1_45' title='bbox 960 999 986 1043; x_wconf 92' lang='lat' dir='ltr'><strong><em>ut</em></strong></span> <span class='ocrx_word' id='word_1_46' title='bbox 993 993 1051 1043; x_wconf 88' lang='lat' dir='ltr'><strong><em>cod.</em></strong></span> <span class='ocrx_word' id='word_1_47' title='bbox 1060 994 1101 1051; x_wconf 77' lang='grc'><strong><em>6.,</em></strong></span> <span class='ocrx_word' id='word_1_48' title='bbox 1109 993 1229 1057; x_wconf 85' lang='lat' dir='ltr'><strong><em>quoniam</em></strong></span> <span class='ocrx_word' id='word_1_49' title='bbox 1239 1002 1398 1058; x_wconf 87' lang='lat' dir='ltr'><strong><em>opponuntur</em></strong></span> 
     </span>
     <span class='ocr_line' id='line_1_6' title="bbox 337 1082 1394 1145; baseline -0.001 -11"><span class='ocrx_word' id='word_1_50' title='bbox 337 1084 405 1134; x_wconf 88' lang='lat' dir='ltr'><strong><em>inter</em></strong></span> <span class='ocrx_word' id='word_1_51' title='bbox 422 1096 451 1133; x_wconf 90' lang='lat' dir='ltr'><strong><em>se</em></strong></span> <span class='ocrx_word' id='word_1_52' title='bbox 470 1082 545 1133; x_wconf 86' lang='lat' dir='ltr'><strong><em>rerba</em></strong></span> <span class='ocrx_word' id='word_1_53' title='bbox 562 1083 723 1145; x_wconf 78' lang='lat' dir='ltr'><strong><em>imperantem</em></strong></span> <span class='ocrx_word' id='word_1_54' title='bbox 736 1089 762 1132; x_wconf 89' lang='lat' dir='ltr'><strong><em>ct</em></strong></span> <span class='ocrx_word' id='word_1_55' title='bbox 769 1082 945 1145; x_wconf 75' lang='lat' dir='ltr'><strong><em>prohibentem.</em></strong></span> <span class='ocrx_word' id='word_1_56' title='bbox 959 1110 989 1118; x_wconf 89' lang='lat'><em>-</em></span> <span class='ocrx_word' id='word_1_57' title='bbox 1002 1082 1158 1133; x_wconf 73' lang='lat' dir='ltr'><strong><em>Alterutrum</em></strong></span> <span class='ocrx_word' id='word_1_58' title='bbox 1171 1083 1236 1133; x_wconf 85' lang='lat' dir='ltr'><strong><em>idern</em></strong></span> <span class='ocrx_word' id='word_1_59' title='bbox 1247 1083 1394 1135; x_wconf 86' lang='lat' dir='ltr'><strong><em>abundatia</em></strong></span> 
     </span>
     <span class='ocr_line' id='line_1_7' title="bbox 337 1169 1394 1235; baseline -0.001 -14"><span class='ocrx_word' id='word_1_60' title='bbox 337 1171 478 1222; x_wconf 88' lang='lat' dir='ltr'><strong><em>sententia:</em></strong></span> <span class='ocrx_word' id='word_1_61' title='bbox 491 1189 504 1216; x_wconf 90' lang='grc' dir='ltr'><strong><em>ι</em></strong></span> <span class='ocrx_word' id='word_1_62' title='bbox 518 1171 586 1220; x_wconf 90' lang='lat' dir='ltr'><strong><em>idem</em></strong></span> <span class='ocrx_word' id='word_1_63' title='bbox 598 1170 674 1219; x_wconf 87' lang='lat' dir='ltr'><strong><em>astris</em></strong></span> <span class='ocrx_word' id='word_1_64' title='bbox 686 1170 734 1219; x_wconf 84' lang='lat' dir='ltr'><strong><em>linc</em></strong></span> <span class='ocrx_word' id='word_1_65' title='bbox 751 1171 818 1220; x_wconf 88' lang='lat' dir='ltr'><strong><em>idem</em></strong></span> <span class='ocrx_word' id='word_1_66' title='bbox 832 1169 921 1219; x_wconf 83' lang='lat' dir='ltr'><strong><em>tribuit</em></strong></span> <span class='ocrx_word' id='word_1_67' title='bbox 934 1189 954 1217; x_wconf 87' lang='grc' dir='ltr'><strong><em>ιι.</em></strong></span> <span class='ocrx_word' id='word_1_68' title='bbox 965 1198 995 1205; x_wconf 93' lang='lat'><strong><em>—-</em></strong></span> <span class='ocrx_word' id='word_1_69' title='bbox 1003 1170 1121 1221; x_wconf 80' lang='lat' dir='ltr'><strong><em>Fortasse</em></strong></span> <span class='ocrx_word' id='word_1_70' title='bbox 1132 1171 1230 1221; x_wconf 82' lang='lat' dir='ltr'><strong><em>Tullius</em></strong></span> <span class='ocrx_word' id='word_1_71' title='bbox 1241 1172 1394 1235; x_wconf 78' lang='lat' dir='ltr'><strong><em>scripserat:</em></strong></span> 
     </span>
     <span class='ocr_line' id='line_1_8' title="bbox 338 1258 1396 1325; baseline 0.007 -21"><span class='ocrx_word' id='word_1_72' title='bbox 338 1278 351 1304; x_wconf 90' lang='grc' dir='ltr'><strong><em>ιι</em></strong></span> <span class='ocrx_word' id='word_1_73' title='bbox 365 1260 468 1309; x_wconf 89' lang='lat' dir='ltr'><strong><em>usitatas</em></strong></span> <span class='ocrx_word' id='word_1_74' title='bbox 483 1258 688 1325; x_wconf 80' lang='lat' dir='ltr'><strong><em>perrulpotneqne</em></strong></span> <span class='ocrx_word' id='word_1_75' title='bbox 711 1258 871 1321; x_wconf 83' lang='lat' dir='ltr'><strong><em>cognitiones</em></strong></span> <span class='ocrx_word' id='word_1_76' title='bbox 891 1258 1007 1320; x_wconf 86' lang='lat' dir='ltr'><strong><em>deorum,</em></strong></span> <span class='ocrx_word' id='word_1_77' title='bbox 1018 1278 1031 1304; x_wconf 87' lang='grc' dir='ltr'><strong><em>ιι</em></strong></span> <span class='ocrx_word' id='word_1_78' title='bbox 1043 1272 1090 1322; x_wconf 92' lang='lat' dir='ltr'><strong><em>pro</em></strong></span> <span class='ocrx_word' id='word_1_79' title='bbox 1108 1259 1169 1310; x_wconf 89' lang='lat' dir='ltr'><strong><em>lect.</em></strong></span> <span class='ocrx_word' id='word_1_80' title='bbox 1182 1260 1252 1325; x_wconf 77' lang='lat' dir='ltr'><strong><em>vulg.</em></strong></span> <span class='ocrx_word' id='word_1_81' title='bbox 1261 1265 1396 1325; x_wconf 76' lang='lat' dir='ltr'><strong><em>preceptor</em></strong></span> 
     </span>
     <span class='ocr_line' id='line_1_9' title="bbox 337 1346 840 1412; baseline -0.006 -14"><span class='ocrx_word' id='word_1_82' title='bbox 337 1361 384 1398; x_wconf 90' lang='lat' dir='ltr'><strong><em>seu</em></strong></span> <span class='ocrx_word' id='word_1_83' title='bbox 393 1351 528 1412; x_wconf 81' lang='lat' dir='ltr'><strong><em>perceptos,</em></strong></span> <span class='ocrx_word' id='word_1_84' title='bbox 542 1359 597 1410; x_wconf 85' lang='lat' dir='ltr'><strong><em>quae</em></strong></span> <span class='ocrx_word' id='word_1_85' title='bbox 609 1347 710 1397; x_wconf 86' lang='lat' dir='ltr'><strong><em>ridetur</em></strong></span> <span class='ocrx_word' id='word_1_86' title='bbox 722 1346 840 1396; x_wconf 87' lang='lat' dir='ltr'><strong><em>obscura.</em></strong></span> 
     </span>
    </p>

    <p class='ocr_par' dir='ltr' id='par_1_4' title="bbox 338 1433 1396 1678">
     <span class='ocr_line' id='line_1_10' title="bbox 368 1433 1394 1501; baseline 0.002 -16"><span class='ocrx_word' id='word_1_87' title='bbox 368 1436 419 1495; x_wconf 81' lang='lat' dir='ltr'><strong><em>tlt,</em></strong></span> <span class='ocrx_word' id='word_1_88' title='bbox 432 1435 444 1498; x_wconf 90' lang='lat'><strong>5</strong></span> <span class='ocrx_word' id='word_1_89' title='bbox 456 1434 495 1485; x_wconf 84' lang='grc'><strong><em>39.</em></strong></span> <span class='ocrx_word' id='word_1_90' title='bbox 508 1435 627 1497; x_wconf 85' lang='lat' dir='ltr'><strong><em>Suspicor</em></strong></span> <span class='ocrx_word' id='word_1_91' title='bbox 639 1434 790 1497; x_wconf 80' lang='lat' dir='ltr'><strong><em>legendum:</em></strong></span> <span class='ocrx_word' id='word_1_92' title='bbox 804 1452 816 1478; x_wconf 89' lang='grc' dir='ltr'><strong><em>ιι</em></strong></span> <span class='ocrx_word' id='word_1_93' title='bbox 830 1433 930 1484; x_wconf 77' lang='lat' dir='ltr'><strong><em>fatalem</em></strong></span> <span class='ocrx_word' id='word_1_94' title='bbox 942 1448 1075 1498; x_wconf 77' lang='lat' dir='ltr'><strong><em>summam,</em></strong></span> <span class='ocrx_word' id='word_1_95' title='bbox 1090 1454 1102 1480; x_wconf 91' lang='grc' dir='ltr'><strong><em>ιι</em></strong></span> <span class='ocrx_word' id='word_1_96' title='bbox 1119 1449 1165 1499; x_wconf 88' lang='lat' dir='ltr'><strong><em>pro</em></strong></span> <span class='ocrx_word' id='word_1_97' title='bbox 1177 1436 1247 1501; x_wconf 76' lang='lat' dir='ltr'><strong><em>vulg.</em></strong></span> <span class='ocrx_word' id='word_1_98' title='bbox 1267 1438 1394 1494; x_wconf 74' lang='lat' dir='ltr'><strong><em>umbrone,¹</em></strong></span> 
     </span>
     <span class='ocr_line' id='line_1_11' title="bbox 338 1523 1396 1590; baseline 0.002 -15"><span class='ocrx_word' id='word_1_99' title='bbox 338 1525 408 1576; x_wconf 80' lang='lat' dir='ltr'><strong><em>Geni.</em></strong></span> <span class='ocrx_word' id='word_1_100' title='bbox 420 1526 482 1587; x_wconf 85' lang='lat' dir='ltr'><strong><em>llep.</em></strong></span> <span class='ocrx_word' id='word_1_101' title='bbox 496 1524 535 1581; x_wconf 85' lang='lat' dir='ltr'><strong><em>vt,</em></strong></span> <span class='ocrx_word' id='word_1_102' title='bbox 551 1524 588 1573; x_wconf 79' lang='lat' dir='ltr'><strong><em>ta.</em></strong></span> <span class='ocrx_word' id='word_1_103' title='bbox 608 1524 669 1573; x_wconf 85' lang='lat' dir='ltr'><strong><em>Cod.</em></strong></span> <span class='ocrx_word' id='word_1_104' title='bbox 689 1523 799 1573; x_wconf 85' lang='lat' dir='ltr'><strong><em>Elicusis</em></strong></span> <span class='ocrx_word' id='word_1_105' title='bbox 816 1523 894 1573; x_wconf 89' lang='lat' dir='ltr'><strong><em>babet</em></strong></span> <span class='ocrx_word' id='word_1_106' title='bbox 913 1523 969 1583; x_wconf 86' lang='lat' dir='ltr'><strong><em>nim,</em></strong></span> <span class='ocrx_word' id='word_1_107' title='bbox 990 1524 1151 1576; x_wconf 84' lang='lat' dir='ltr'><strong><em>Heindorsrus</em></strong></span> <span class='ocrx_word' id='word_1_108' title='bbox 1169 1525 1239 1589; x_wconf 81' lang='lat' dir='ltr'><strong><em>conj.</em></strong></span> <span class='ocrx_word' id='word_1_109' title='bbox 1258 1526 1396 1590; x_wconf 74' lang='lat' dir='ltr'><strong><em>nemtotern,</em></strong></span> 
     </span>
     <span class='ocr_line' id='line_1_12' title="bbox 338 1614 609 1678; baseline -0.011 -14"><span class='ocrx_word' id='word_1_110' title='bbox 338 1614 478 1678; x_wconf 80' lang='lat' dir='ltr'><strong><em>Madvigius</em></strong></span> <span class='ocrx_word' id='word_1_111' title='bbox 488 1627 609 1663; x_wconf 84' lang='lat' dir='ltr'><strong><em>normam.</em></strong></span> 
     </span>
    </p>

    <p class='ocr_par' dir='ltr' id='par_1_5' title="bbox 294 1701 1398 2038">
     <span class='ocr_line' id='line_1_13' title="bbox 368 1701 1394 1766; baseline -0.004 -12"><span class='ocrx_word' id='word_1_112' title='bbox 368 1704 429 1762; x_wconf 87' lang='lat' dir='ltr'><strong><em>lllll,</em></strong></span> <span class='ocrx_word' id='word_1_113' title='bbox 442 1704 453 1766; x_wconf 90' lang='lat'><strong>5</strong></span> <span class='ocrx_word' id='word_1_114' title='bbox 465 1703 505 1754; x_wconf 75' lang='lat' dir='ltr'><strong><em>ta.</em></strong></span> <span class='ocrx_word' id='word_1_115' title='bbox 518 1703 653 1753; x_wconf 76' lang='lat' dir='ltr'><strong><em>abundare</em></strong></span> <span class='ocrx_word' id='word_1_116' title='bbox 664 1702 727 1751; x_wconf 90' lang='lat' dir='ltr'><strong><em>mibi</em></strong></span> <span class='ocrx_word' id='word_1_117' title='bbox 740 1702 856 1752; x_wconf 88' lang='lat' dir='ltr'><strong><em>ridentur</em></strong></span> <span class='ocrx_word' id='word_1_118' title='bbox 870 1714 944 1751; x_wconf 86' lang='lat' dir='ltr'><strong><em>voces</em></strong></span> <span class='ocrx_word' id='word_1_119' title='bbox 954 1701 1050 1765; x_wconf 85' lang='lat' dir='ltr'><strong><em>proelio,</em></strong></span> <span class='ocrx_word' id='word_1_120' title='bbox 1069 1701 1179 1760; x_wconf 79' lang='lat' dir='ltr'><strong><em>discidio,</em></strong></span> <span class='ocrx_word' id='word_1_121' title='bbox 1201 1702 1394 1754; x_wconf 74' lang='lat' dir='ltr'><strong><em>tomennttoner.</em></strong></span> 
     </span>
     <span class='ocr_line' id='line_1_14' title="bbox 306 1790 1398 1857; baseline -0.005 -14"><span class='ocrx_word' id='word_1_122' title='bbox 306 1797 308 1802; x_wconf 90' lang='lat'>&#39;</span> <span class='ocrx_word' id='word_1_123' title='bbox 337 1794 388 1857; x_wconf 83' lang='lat'><strong><em>-5</em></strong></span> <span class='ocrx_word' id='word_1_124' title='bbox 400 1794 438 1844; x_wconf 87' lang='lat' dir='ltr'><strong><em>t3.</em></strong></span> <span class='ocrx_word' id='word_1_125' title='bbox 453 1792 533 1842; x_wconf 88' lang='lat' dir='ltr'><strong><em>Verba</em></strong></span> <span class='ocrx_word' id='word_1_126' title='bbox 546 1811 559 1837; x_wconf 92' lang='grc' dir='ltr'><strong><em>ιι</em></strong></span> <span class='ocrx_word' id='word_1_127' title='bbox 572 1793 598 1843; x_wconf 94' lang='lat' dir='ltr'><strong><em>id</em></strong></span> <span class='ocrx_word' id='word_1_128' title='bbox 616 1800 656 1841; x_wconf 88' lang='lat' dir='ltr'><strong><em>est</em></strong></span> <span class='ocrx_word' id='word_1_129' title='bbox 672 1799 832 1853; x_wconf 86' lang='lat' dir='ltr'><strong><em>anteceptam</em></strong></span> <span class='ocrx_word' id='word_1_130' title='bbox 852 1791 937 1840; x_wconf 88' lang='lat' dir='ltr'><strong><em>animo</em></strong></span> <span class='ocrx_word' id='word_1_131' title='bbox 956 1791 994 1840; x_wconf 89' lang='lat' dir='ltr'><strong><em>rei</em></strong></span> <span class='ocrx_word' id='word_1_132' title='bbox 1014 1791 1146 1855; x_wconf 85' lang='lat' dir='ltr'><strong><em>quamdam</em></strong></span> <span class='ocrx_word' id='word_1_133' title='bbox 1166 1790 1398 1842; x_wconf 79' lang='lat' dir='ltr'><strong><em>informationem»</em></strong></span> 
     </span>
     <span class='ocr_line' id='line_1_15' title="bbox 338 1879 1397 1944; baseline -0.003 -11"><span class='ocrx_word' id='word_1_134' title='bbox 338 1881 429 1933; x_wconf 86' lang='lat' dir='ltr'><strong><em>scholii</em></strong></span> <span class='ocrx_word' id='word_1_135' title='bbox 443 1881 554 1944; x_wconf 88' lang='lat' dir='ltr'><strong><em>speeiem</em></strong></span> <span class='ocrx_word' id='word_1_136' title='bbox 567 1880 670 1937; x_wconf 88' lang='lat' dir='ltr'><strong><em>babent,</em></strong></span> <span class='ocrx_word' id='word_1_137' title='bbox 683 1880 776 1943; x_wconf 92' lang='lat' dir='ltr'><strong><em>sumpti</em></strong></span> <span class='ocrx_word' id='word_1_138' title='bbox 788 1894 820 1930; x_wconf 86' lang='lat' dir='ltr'><strong><em>ex</em></strong></span> <span class='ocrx_word' id='word_1_139' title='bbox 832 1879 844 1941; x_wconf 85' lang='lat'><strong>5</strong></span> <span class='ocrx_word' id='word_1_140' title='bbox 859 1879 910 1929; x_wconf 83' lang='lat'><strong><em>100.</em></strong></span> <span class='ocrx_word' id='word_1_141' title='bbox 924 1880 970 1928; x_wconf 89' lang='lat' dir='ltr'><strong><em>llic</em></strong></span> <span class='ocrx_word' id='word_1_142' title='bbox 982 1879 1050 1929; x_wconf 90' lang='lat' dir='ltr'><strong><em>euim</em></strong></span> <span class='ocrx_word' id='word_1_143' title='bbox 1063 1879 1184 1929; x_wconf 87' lang='lat' dir='ltr'><strong><em>habemus</em></strong></span> <span class='ocrx_word' id='word_1_144' title='bbox 1193 1892 1269 1930; x_wconf 78' lang='lat' dir='ltr'><strong><em>versu</em></strong></span> <span class='ocrx_word' id='word_1_145' title='bbox 1280 1881 1397 1944; x_wconf 88' lang='lat' dir='ltr'><strong><em>superio-</em></strong></span> 
     </span>
     <span class='ocr_line' id='line_1_16' title="bbox 294 1963 1298 2038; baseline -0.001 -22"><span class='ocrx_word' id='word_1_146' title='bbox 294 1983 296 1988; x_wconf 95' lang='lat'>·</span> <span class='ocrx_word' id='word_1_147' title='bbox 339 1980 367 2017; x_wconf 88' lang='lat' dir='ltr'><strong><em>re</em></strong></span> <span class='ocrx_word' id='word_1_148' title='bbox 379 1967 449 2016; x_wconf 87' lang='lat' dir='ltr'><strong><em>vocis</em></strong></span> <span class='ocrx_word' id='word_1_149' title='bbox 466 1963 584 2038; x_wconf 70' lang='grc' dir='ltr'><strong><em>πρόληψιν</em></strong></span> <span class='ocrx_word' id='word_1_150' title='bbox 604 1967 866 2028; x_wconf 88' lang='lat' dir='ltr'><strong><em>interpretamentum.</em></strong></span> <span class='ocrx_word' id='word_1_151' title='bbox 879 1964 1026 2029; x_wconf 82' lang='lat' dir='ltr'><strong><em>Legeudum</em></strong></span> <span class='ocrx_word' id='word_1_152' title='bbox 1038 1965 1127 2015; x_wconf 88' lang='lat' dir='ltr'><strong><em>saltem</em></strong></span> <span class='ocrx_word' id='word_1_153' title='bbox 1140 1966 1178 2015; x_wconf 86' lang='lat' dir='ltr'><strong><em>dei</em></strong></span> <span class='ocrx_word' id='word_1_154' title='bbox 1194 1979 1240 2028; x_wconf 86' lang='lat' dir='ltr'><strong><em>pro</em></strong></span> <span class='ocrx_word' id='word_1_155' title='bbox 1251 1966 1298 2016; x_wconf 86' lang='lat' dir='ltr'><strong><em>rel.</em></strong></span> 
     </span>
    </p>

    <p class='ocr_par' dir='ltr' id='par_1_6' title="bbox 337 2051 1397 2294">
     <span class='ocr_line' id='line_1_17' title="bbox 368 2051 1397 2115; baseline 0 -13"><span class='ocrx_word' id='word_1_156' title='bbox 368 2051 440 2111; x_wconf 85' lang='lat' dir='ltr'><strong><em>xvtt,</em></strong></span> <span class='ocrx_word' id='word_1_157' title='bbox 452 2054 463 2115; x_wconf 90' lang='lat'><strong>5</strong></span> <span class='ocrx_word' id='word_1_158' title='bbox 474 2053 514 2101; x_wconf 82' lang='lat' dir='ltr'><strong><em>il.</em></strong></span> <span class='ocrx_word' id='word_1_159' title='bbox 525 2051 720 2115; x_wconf 79' lang='lat' dir='ltr'><strong><em>Typotbetarum</em></strong></span> <span class='ocrx_word' id='word_1_160' title='bbox 732 2051 910 2114; x_wconf 84' lang='lat' dir='ltr'><strong><em>imprudentia,</em></strong></span> <span class='ocrx_word' id='word_1_161' title='bbox 923 2051 1023 2114; x_wconf 89' lang='lat' dir='ltr'><strong><em>opinor,</em></strong></span> <span class='ocrx_word' id='word_1_162' title='bbox 1035 2051 1141 2102; x_wconf 86' lang='lat' dir='ltr'><strong><em>verbum</em></strong></span> <span class='ocrx_word' id='word_1_163' title='bbox 1153 2065 1204 2101; x_wconf 78' lang='lat' dir='ltr'><strong><em>esee</em></strong></span> <span class='ocrx_word' id='word_1_164' title='bbox 1216 2051 1340 2102; x_wconf 88' lang='lat' dir='ltr'><strong><em>omissum</em></strong></span> <span class='ocrx_word' id='word_1_165' title='bbox 1347 2058 1397 2111; x_wconf 81' lang='lat' dir='ltr'><strong><em>est,</em></strong></span> 
     </span>
     <span class='ocr_line' id='line_1_18' title="bbox 337 2139 1396 2203; baseline 0.001 -13"><span class='ocrx_word' id='word_1_166' title='bbox 337 2149 395 2191; x_wconf 87' lang='lat' dir='ltr'><strong><em>ante</em></strong></span> <span class='ocrx_word' id='word_1_167' title='bbox 408 2160 421 2186; x_wconf 95' lang='grc' dir='ltr'><strong><em>ιι</em></strong></span> <span class='ocrx_word' id='word_1_168' title='bbox 433 2141 511 2203; x_wconf 84' lang='lat' dir='ltr'><strong><em>igitur</em></strong></span> <span class='ocrx_word' id='word_1_169' title='bbox 522 2141 585 2192; x_wconf 89' lang='lat' dir='ltr'><strong><em>deos</em></strong></span> <span class='ocrx_word' id='word_1_170' title='bbox 596 2139 767 2190; x_wconf 85' lang='lat' dir='ltr'><strong><em>confitendum</em></strong></span> <span class='ocrx_word' id='word_1_171' title='bbox 780 2147 827 2197; x_wconf 87' lang='lat' dir='ltr'><strong><em>est,</em></strong></span> <span class='ocrx_word' id='word_1_172' title='bbox 845 2159 855 2185; x_wconf 88' lang='grc' dir='ltr'><strong><em>ιι</em></strong></span> <span class='ocrx_word' id='word_1_173' title='bbox 867 2141 893 2189; x_wconf 91' lang='lat' dir='ltr'><strong><em>in</em></strong></span> <span class='ocrx_word' id='word_1_174' title='bbox 906 2140 946 2190; x_wconf 88' lang='lat' dir='ltr'><strong><em>ed.</em></strong></span> <span class='ocrx_word' id='word_1_175' title='bbox 967 2140 1058 2190; x_wconf 87' lang='lat' dir='ltr'><strong><em>Baitcri</em></strong></span> <span class='ocrx_word' id='word_1_176' title='bbox 1076 2148 1103 2190; x_wconf 90' lang='lat' dir='ltr'><strong><em>et</em></strong></span> <span class='ocrx_word' id='word_1_177' title='bbox 1113 2140 1213 2200; x_wconf 86' lang='lat' dir='ltr'><strong><em>Halmii,</em></strong></span> <span class='ocrx_word' id='word_1_178' title='bbox 1232 2154 1257 2203; x_wconf 91' lang='lat' dir='ltr'><strong><em>p.</em></strong></span> <span class='ocrx_word' id='word_1_179' title='bbox 1269 2140 1327 2199; x_wconf 74' lang='lat'><strong><em>382,</em></strong></span> <span class='ocrx_word' id='word_1_180' title='bbox 1340 2141 1360 2190; x_wconf 93' lang='lat' dir='ltr'><strong><em>l.</em></strong></span> <span class='ocrx_word' id='word_1_181' title='bbox 1370 2141 1396 2199; x_wconf 79' lang='grc'><strong><em>3,</em></strong></span> 
     </span>
     <span class='ocr_line' id='line_1_19' title="bbox 338 2229 785 2294; baseline -0.002 -15"><span class='ocrx_word' id='word_1_182' title='bbox 338 2231 405 2294; x_wconf 85' lang='lat' dir='ltr'><strong><em>quod</em></strong></span> <span class='ocrx_word' id='word_1_183' title='bbox 417 2237 558 2281; x_wconf 89' lang='lat' dir='ltr'><strong><em>correctum</em></strong></span> <span class='ocrx_word' id='word_1_184' title='bbox 566 2230 613 2279; x_wconf 84' lang='lat' dir='ltr'><strong><em>luit</em></strong></span> <span class='ocrx_word' id='word_1_185' title='bbox 624 2231 649 2278; x_wconf 89' lang='lat' dir='ltr'><strong><em>iu</em></strong></span> <span class='ocrx_word' id='word_1_186' title='bbox 662 2230 703 2280; x_wconf 92' lang='lat' dir='ltr'><strong><em>ed.</em></strong></span> <span class='ocrx_word' id='word_1_187' title='bbox 716 2229 785 2293; x_wconf 76' lang='lat' dir='ltr'><strong><em>lips.</em></strong></span> 
     </span>
    </p>

    <p class='ocr_par' dir='ltr' id='par_1_7' title="bbox 336 2319 1400 3000">
     <span class='ocr_line' id='line_1_20' title="bbox 368 2319 1398 2382; baseline 0.003 -13"><span class='ocrx_word' id='word_1_188' title='bbox 368 2320 451 2377; x_wconf 84' lang='lat' dir='ltr'><strong><em>xvttt,</em></strong></span> <span class='ocrx_word' id='word_1_189' title='bbox 469 2321 481 2382; x_wconf 86' lang='lat'><strong>5</strong></span> <span class='ocrx_word' id='word_1_190' title='bbox 496 2320 536 2369; x_wconf 80' lang='lat' dir='ltr'><strong><em>ib.</em></strong></span> <span class='ocrx_word' id='word_1_191' title='bbox 559 2320 656 2369; x_wconf 86' lang='lat' dir='ltr'><strong><em>Nouum</em></strong></span> <span class='ocrx_word' id='word_1_192' title='bbox 678 2320 815 2382; x_wconf 89' lang='lat' dir='ltr'><strong><em>reperiisse</em></strong></span> <span class='ocrx_word' id='word_1_193' title='bbox 839 2319 951 2370; x_wconf 88' lang='lat' dir='ltr'><strong><em>arbitror</em></strong></span> <span class='ocrx_word' id='word_1_194' title='bbox 978 2319 1086 2382; x_wconf 76' lang='lat' dir='ltr'><strong><em>geminae</em></strong></span> <span class='ocrx_word' id='word_1_195' title='bbox 1109 2319 1297 2371; x_wconf 76' lang='lat' dir='ltr'><strong><em>enuntiationis</em></strong></span> <span class='ocrx_word' id='word_1_196' title='bbox 1316 2321 1398 2372; x_wconf 85' lang='lat' dir='ltr'><strong><em>resti-</em></strong></span> 
     </span>
     <span class='ocr_line' id='line_1_21' title="bbox 338 2409 1399 2475; baseline 0.002 -16"><span class='ocrx_word' id='word_1_197' title='bbox 338 2410 762 2475; x_wconf 84' lang='lat' dir='ltr'><strong><em>giumiubaoseuteutia:nNam</em></strong></span> <span class='ocrx_word' id='word_1_198' title='bbox 781 2422 795 2458; x_wconf 87' lang='lat' dir='ltr'><strong><em>a</em></strong></span> <span class='ocrx_word' id='word_1_199' title='bbox 814 2418 902 2459; x_wconf 84' lang='lat' dir='ltr'><strong><em>natura</em></strong></span> <span class='ocrx_word' id='word_1_200' title='bbox 930 2410 1054 2460; x_wconf 87' lang='lat' dir='ltr'><strong><em>habemus</em></strong></span> <span class='ocrx_word' id='word_1_201' title='bbox 1083 2422 1174 2460; x_wconf 88' lang='lat' dir='ltr'><strong><em>omncs</em></strong></span> <span class='ocrx_word' id='word_1_202' title='bbox 1190 2409 1304 2461; x_wconf 91' lang='lat' dir='ltr'><strong><em>omnium</em></strong></span> <span class='ocrx_word' id='word_1_203' title='bbox 1332 2424 1399 2475; x_wconf 74' lang='lat' dir='ltr'><strong><em>gen-</em></strong></span> 
     </span>
     <span class='ocr_line' id='line_1_22' title="bbox 337 2501 1396 2566; baseline 0 -13"><span class='ocrx_word' id='word_1_204' title='bbox 337 2503 399 2553; x_wconf 90' lang='lat' dir='ltr'><strong><em>tium</em></strong></span> <span class='ocrx_word' id='word_1_205' title='bbox 417 2502 529 2565; x_wconf 88' lang='lat' dir='ltr'><strong><em>speciem</em></strong></span> <span class='ocrx_word' id='word_1_206' title='bbox 547 2501 640 2551; x_wconf 86' lang='lat' dir='ltr'><strong><em>nullam</em></strong></span> <span class='ocrx_word' id='word_1_207' title='bbox 657 2501 731 2550; x_wconf 88' lang='lat' dir='ltr'><strong><em>aliam</em></strong></span> <span class='ocrx_word' id='word_1_208' title='bbox 749 2501 799 2550; x_wconf 89' lang='lat' dir='ltr'><strong><em>nisi</em></strong></span> <span class='ocrx_word' id='word_1_209' title='bbox 819 2501 954 2551; x_wconf 89' lang='lat' dir='ltr'><strong><em>humanam</em></strong></span> <span class='ocrx_word' id='word_1_210' title='bbox 973 2501 1079 2551; x_wconf 90' lang='lat' dir='ltr'><strong><em>deorum</em></strong></span> <span class='ocrx_word' id='word_1_211' title='bbox 1090 2522 1112 2563; x_wconf 86' lang='grc' dir='ltr'><strong><em>ι,</em></strong></span> <span class='ocrx_word' id='word_1_212' title='bbox 1125 2502 1151 2550; x_wconf 91' lang='lat' dir='ltr'><strong><em>iu</em></strong></span> <span class='ocrx_word' id='word_1_213' title='bbox 1169 2513 1218 2565; x_wconf 87' lang='lat' dir='ltr'><strong><em>qua</em></strong></span> <span class='ocrx_word' id='word_1_214' title='bbox 1236 2502 1334 2564; x_wconf 89' lang='lat' dir='ltr'><strong><em>pendet</em></strong></span> <span class='ocrx_word' id='word_1_215' title='bbox 1342 2503 1396 2566; x_wconf 84' lang='lat' dir='ltr'><strong><em>adj.</em></strong></span> 
     </span>
     <span class='ocr_line' id='line_1_23' title="bbox 339 2589 1397 2653; baseline 0.001 -14"><span class='ocrx_word' id='word_1_216' title='bbox 339 2604 430 2650; x_wconf 73' lang='lat' dir='ltr'><strong><em>omnm,</em></strong></span> <span class='ocrx_word' id='word_1_217' title='bbox 445 2603 522 2651; x_wconf 88' lang='lat' dir='ltr'><strong><em>quare</em></strong></span> <span class='ocrx_word' id='word_1_218' title='bbox 535 2590 671 2640; x_wconf 88' lang='lat' dir='ltr'><strong><em>Lambinus</em></strong></span> <span class='ocrx_word' id='word_1_219' title='bbox 682 2590 778 2640; x_wconf 87' lang='lat' dir='ltr'><strong><em>addere</em></strong></span> <span class='ocrx_word' id='word_1_220' title='bbox 798 2589 899 2640; x_wconf 85' lang='lat' dir='ltr'><strong><em>uolebat</em></strong></span> <span class='ocrx_word' id='word_1_221' title='bbox 920 2590 1030 2639; x_wconf 78' lang='lat' dir='ltr'><strong><em>tornines</em></strong></span> <span class='ocrx_word' id='word_1_222' title='bbox 1049 2598 1108 2639; x_wconf 88' lang='lat' dir='ltr'><strong><em>aute</em></strong></span> <span class='ocrx_word' id='word_1_223' title='bbox 1127 2590 1239 2653; x_wconf 78' lang='lat' dir='ltr'><strong><em>speciem.</em></strong></span> <span class='ocrx_word' id='word_1_224' title='bbox 1254 2590 1327 2641; x_wconf 81' lang='lat' dir='ltr'><strong><em>Prius</em></strong></span> <span class='ocrx_word' id='word_1_225' title='bbox 1342 2589 1397 2642; x_wconf 84' lang='lat' dir='ltr'><strong><em>lur-</em></strong></span> 
     </span>
     <span class='ocr_line' id='line_1_24' title="bbox 341 2678 1398 2744; baseline 0.003 -15"><span class='ocrx_word' id='word_1_226' title='bbox 341 2688 407 2729; x_wconf 79' lang='lat' dir='ltr'><strong><em>tnsse</em></strong></span> <span class='ocrx_word' id='word_1_227' title='bbox 428 2679 524 2729; x_wconf 84' lang='lat' dir='ltr'><strong><em>Tullius</em></strong></span> <span class='ocrx_word' id='word_1_228' title='bbox 546 2679 683 2740; x_wconf 85' lang='lat' dir='ltr'><strong><em>scripserat</em></strong></span> <span class='ocrx_word' id='word_1_229' title='bbox 697 2694 703 2726; x_wconf 90' lang='lat'>:</span> <span class='ocrx_word' id='word_1_230' title='bbox 717 2697 730 2723; x_wconf 91' lang='grc' dir='ltr'><strong><em>ιι</em></strong></span> <span class='ocrx_word' id='word_1_231' title='bbox 744 2680 805 2727; x_wconf 86' lang='lat' dir='ltr'><strong><em>Nam</em></strong></span> <span class='ocrx_word' id='word_1_232' title='bbox 817 2691 831 2727; x_wconf 90' lang='lat' dir='ltr'><strong><em>a</em></strong></span> <span class='ocrx_word' id='word_1_233' title='bbox 844 2686 932 2729; x_wconf 86' lang='lat' dir='ltr'><strong><em>natura</em></strong></span> <span class='ocrx_word' id='word_1_234' title='bbox 944 2678 1069 2729; x_wconf 85' lang='lat' dir='ltr'><strong><em>babemus</em></strong></span> <span class='ocrx_word' id='word_1_235' title='bbox 1087 2692 1177 2730; x_wconf 92' lang='lat' dir='ltr'><strong><em>omues</em></strong></span> <span class='ocrx_word' id='word_1_236' title='bbox 1193 2680 1308 2730; x_wconf 90' lang='lat' dir='ltr'><strong><em>omnium</em></strong></span> <span class='ocrx_word' id='word_1_237' title='bbox 1331 2693 1398 2744; x_wconf 78' lang='lat' dir='ltr'><strong><em>gen-</em></strong></span> 
     </span>
     <span class='ocr_line' id='line_1_25' title="bbox 340 2768 1400 2832; baseline 0.004 -14"><span class='ocrx_word' id='word_1_238' title='bbox 340 2770 402 2819; x_wconf 90' lang='lat' dir='ltr'><strong><em>tium</em></strong></span> <span class='ocrx_word' id='word_1_239' title='bbox 426 2769 489 2819; x_wconf 88' lang='lat' dir='ltr'><strong><em>deos</em></strong></span> <span class='ocrx_word' id='word_1_240' title='bbox 511 2770 623 2832; x_wconf 87' lang='lat' dir='ltr'><strong><em>speciem</em></strong></span> <span class='ocrx_word' id='word_1_241' title='bbox 641 2768 733 2818; x_wconf 87' lang='lat' dir='ltr'><strong><em>nullam</em></strong></span> <span class='ocrx_word' id='word_1_242' title='bbox 764 2768 838 2817; x_wconf 89' lang='lat' dir='ltr'><strong><em>aliam</em></strong></span> <span class='ocrx_word' id='word_1_243' title='bbox 859 2768 906 2818; x_wconf 90' lang='lat' dir='ltr'><strong><em>uisi</em></strong></span> <span class='ocrx_word' id='word_1_244' title='bbox 924 2769 1062 2819; x_wconf 87' lang='lat' dir='ltr'><strong><em>humanam</em></strong></span> <span class='ocrx_word' id='word_1_245' title='bbox 1081 2770 1182 2819; x_wconf 80' lang='lat' dir='ltr'><strong><em>intinere</em></strong></span> <span class='ocrx_word' id='word_1_246' title='bbox 1196 2787 1217 2817; x_wconf 92' lang='grc' dir='ltr'><strong><em>ιι.</em></strong></span> <span class='ocrx_word' id='word_1_247' title='bbox 1239 2770 1338 2822; x_wconf 87' lang='lat' dir='ltr'><strong><em>Deinde</em></strong></span> <span class='ocrx_word' id='word_1_248' title='bbox 1362 2771 1400 2822; x_wconf 86' lang='lat' dir='ltr'><strong><em>sic</em></strong></span> 
     </span>
     <span class='ocr_line' id='line_1_26' title="bbox 338 2858 1398 2924; baseline 0.003 -17"><span class='ocrx_word' id='word_1_249' title='bbox 338 2858 392 2909; x_wconf 89' lang='lat' dir='ltr'><strong><em>iere</em></strong></span> <span class='ocrx_word' id='word_1_250' title='bbox 403 2859 555 2909; x_wconf 85' lang='lat' dir='ltr'><strong><em>seutentiam</em></strong></span> <span class='ocrx_word' id='word_1_251' title='bbox 567 2858 691 2907; x_wconf 83' lang='lat' dir='ltr'><strong><em>mutarit:</em></strong></span> <span class='ocrx_word' id='word_1_252' title='bbox 707 2880 717 2902; x_wconf 90' lang='grc' dir='ltr'><strong><em>ι</em></strong></span> <span class='ocrx_word' id='word_1_253' title='bbox 731 2859 791 2907; x_wconf 88' lang='lat' dir='ltr'><strong><em>Nam</em></strong></span> <span class='ocrx_word' id='word_1_254' title='bbox 803 2870 816 2906; x_wconf 92' lang='lat' dir='ltr'><strong><em>a</em></strong></span> <span class='ocrx_word' id='word_1_255' title='bbox 829 2866 917 2907; x_wconf 86' lang='lat' dir='ltr'><strong><em>natura</em></strong></span> <span class='ocrx_word' id='word_1_256' title='bbox 930 2858 1054 2908; x_wconf 86' lang='lat' dir='ltr'><strong><em>habemus</em></strong></span> <span class='ocrx_word' id='word_1_257' title='bbox 1065 2860 1131 2922; x_wconf 87' lang='lat' dir='ltr'><strong><em>cpnd</em></strong></span> <span class='ocrx_word' id='word_1_258' title='bbox 1143 2866 1398 2924; x_wconf 77' lang='lat' dir='ltr'><strong><em>omuesgcutesspe-</em></strong></span> 
     </span>
     <span class='ocr_line' id='line_1_27' title="bbox 336 2948 1235 3000; baseline -0.001 -2"><span class='ocrx_word' id='word_1_259' title='bbox 336 2949 401 2999; x_wconf 90' lang='lat' dir='ltr'><strong><em>ciem</em></strong></span> <span class='ocrx_word' id='word_1_260' title='bbox 414 2949 506 2998; x_wconf 82' lang='lat' dir='ltr'><strong><em>nullam</em></strong></span> <span class='ocrx_word' id='word_1_261' title='bbox 518 2950 592 2998; x_wconf 86' lang='lat' dir='ltr'><strong><em>aliam</em></strong></span> <span class='ocrx_word' id='word_1_262' title='bbox 603 2962 655 2998; x_wconf 83' lang='lat' dir='ltr'><strong><em>esne</em></strong></span> <span class='ocrx_word' id='word_1_263' title='bbox 666 2948 715 2997; x_wconf 91' lang='lat' dir='ltr'><strong><em>uisi</em></strong></span> <span class='ocrx_word' id='word_1_264' title='bbox 727 2949 860 2998; x_wconf 84' lang='lat' dir='ltr'><strong><em>humanam</em></strong></span> <span class='ocrx_word' id='word_1_265' title='bbox 872 2949 988 2999; x_wconf 89' lang='lat' dir='ltr'><strong><em>deorum.</em></strong></span> <span class='ocrx_word' id='word_1_266' title='bbox 999 2969 1009 2991; x_wconf 84' lang='grc' dir='ltr'><strong><em>ι</em></strong></span> <span class='ocrx_word' id='word_1_267' title='bbox 1022 2949 1099 2999; x_wconf 87' lang='lat' dir='ltr'><strong><em>Taeet</em></strong></span> <span class='ocrx_word' id='word_1_268' title='bbox 1112 2949 1235 3000; x_wconf 79' lang='lat' dir='ltr'><strong><em>balterus.</em></strong></span> 
     </span>
    </p>

    <p class='ocr_par' dir='ltr' id='par_1_8' title="bbox 338 3035 1396 3373">
     <span class='ocr_line' id='line_1_28' title="bbox 368 3035 1396 3101; baseline 0.006 -17"><span class='ocrx_word' id='word_1_269' title='bbox 368 3035 431 3094; x_wconf 86' lang='lat' dir='ltr'><strong><em>lilll,</em></strong></span> <span class='ocrx_word' id='word_1_270' title='bbox 444 3036 455 3098; x_wconf 90' lang='lat'><strong>5</strong></span> <span class='ocrx_word' id='word_1_271' title='bbox 468 3036 508 3086; x_wconf 79' lang='lat' dir='ltr'><strong><em>iil.</em></strong></span> <span class='ocrx_word' id='word_1_272' title='bbox 521 3035 600 3086; x_wconf 84' lang='lat' dir='ltr'><strong><em>Verba</em></strong></span> <span class='ocrx_word' id='word_1_273' title='bbox 615 3055 625 3078; x_wconf 89' lang='grc' dir='ltr'><strong><em>ι</em></strong></span> <span class='ocrx_word' id='word_1_274' title='bbox 637 3049 694 3084; x_wconf 91' lang='lat' dir='ltr'><strong><em>cum</em></strong></span> <span class='ocrx_word' id='word_1_275' title='bbox 706 3036 821 3085; x_wconf 85' lang='lat' dir='ltr'><strong><em>maximis</em></strong></span> <span class='ocrx_word' id='word_1_276' title='bbox 834 3035 1004 3098; x_wconf 84' lang='lat' dir='ltr'><strong><em>uoluptatibus</em></strong></span> <span class='ocrx_word' id='word_1_277' title='bbox 1018 3055 1030 3081; x_wconf 93' lang='grc' dir='ltr'><strong><em>ιι</em></strong></span> <span class='ocrx_word' id='word_1_278' title='bbox 1042 3036 1103 3085; x_wconf 88' lang='lat' dir='ltr'><strong><em>mibi</em></strong></span> <span class='ocrx_word' id='word_1_279' title='bbox 1121 3037 1207 3099; x_wconf 88' lang='lat' dir='ltr'><strong><em>spuria</em></strong></span> <span class='ocrx_word' id='word_1_280' title='bbox 1227 3037 1357 3101; x_wconf 84' lang='lat' dir='ltr'><strong><em>ridentur,</em></strong></span> <span class='ocrx_word' id='word_1_281' title='bbox 1369 3046 1396 3090; x_wconf 86' lang='lat' dir='ltr'><strong><em>et</em></strong></span> 
     </span>
     <span class='ocr_line' id='line_1_29' title="bbox 338 3123 1393 3189; baseline 0.003 -14"><span class='ocrx_word' id='word_1_282' title='bbox 338 3125 360 3175; x_wconf 91' lang='lat' dir='ltr'><strong><em>si</em></strong></span> <span class='ocrx_word' id='word_1_283' title='bbox 372 3123 487 3175; x_wconf 83' lang='lat' dir='ltr'><strong><em>conferas</em></strong></span> <span class='ocrx_word' id='word_1_284' title='bbox 499 3125 573 3187; x_wconf 80' lang='lat'><strong><em>5105,</em></strong></span> <span class='ocrx_word' id='word_1_285' title='bbox 587 3138 633 3174; x_wconf 82' lang='lat' dir='ltr'><strong><em>ror</em></strong></span> <span class='ocrx_word' id='word_1_286' title='bbox 646 3124 830 3187; x_wconf 80' lang='lat' dir='ltr'><strong><em>intellipentiom</em></strong></span> <span class='ocrx_word' id='word_1_287' title='bbox 843 3138 999 3188; x_wconf 84' lang='lat' dir='ltr'><strong><em>superuacua</em></strong></span> <span class='ocrx_word' id='word_1_288' title='bbox 1011 3133 1037 3175; x_wconf 88' lang='lat' dir='ltr'><strong><em>et</em></strong></span> <span class='ocrx_word' id='word_1_289' title='bbox 1055 3126 1217 3189; x_wconf 83' lang='lat' dir='ltr'><strong><em>glossematis</em></strong></span> <span class='ocrx_word' id='word_1_290' title='bbox 1235 3126 1293 3178; x_wconf 91' lang='lat' dir='ltr'><strong><em>loeo</em></strong></span> <span class='ocrx_word' id='word_1_291' title='bbox 1307 3127 1393 3178; x_wconf 84' lang='lat' dir='ltr'><strong><em>addita</em></strong></span> 
     </span>
     <span class='ocr_line' id='line_1_30' title="bbox 338 3197 1395 3281; baseline 0.006 -19"><span class='ocrx_word' id='word_1_292' title='bbox 338 3214 474 3265; x_wconf 84' lang='lat' dir='ltr'><strong><em>videbitur.</em></strong></span> <span class='ocrx_word' id='word_1_293' title='bbox 487 3215 585 3279; x_wconf 77' lang='lat'><strong>-550.</strong></span> <span class='ocrx_word' id='word_1_294' title='bbox 598 3215 719 3277; x_wconf 89' lang='lat' dir='ltr'><strong><em>Suspecta</em></strong></span> <span class='ocrx_word' id='word_1_295' title='bbox 732 3216 807 3264; x_wconf 83' lang='lat' dir='ltr'><strong><em>etiam</em></strong></span> <span class='ocrx_word' id='word_1_296' title='bbox 821 3215 882 3264; x_wconf 92' lang='lat' dir='ltr'><strong><em>mibi</em></strong></span> <span class='ocrx_word' id='word_1_297' title='bbox 895 3216 995 3265; x_wconf 89' lang='lat' dir='ltr'><strong><em>ridetur</em></strong></span> <span class='ocrx_word' id='word_1_298' title='bbox 1007 3216 1132 3267; x_wconf 86' lang='lat' dir='ltr'><strong><em>enarratio</em></strong></span> <span class='ocrx_word' id='word_1_299' title='bbox 1141 3233 1154 3261; x_wconf 93' lang='grc' dir='ltr'><strong><em>ιι</em></strong></span> <span class='ocrx_word' id='word_1_300' title='bbox 1163 3215 1188 3266; x_wconf 92' lang='lat' dir='ltr'><strong><em>id</em></strong></span> <span class='ocrx_word' id='word_1_301' title='bbox 1197 3197 1395 3281; x_wconf 73' lang='lat' dir='ltr'><strong><em>estmqnabilem</em></strong></span> 
     </span>
     <span class='ocr_line' id='line_1_31' title="bbox 339 3299 1327 3373; baseline 0.004 -25"><span class='ocrx_word' id='word_1_302' title='bbox 339 3299 503 3349; x_wconf 85' lang='lat' dir='ltr'><strong><em>tributionem</em></strong></span> <span class='ocrx_word' id='word_1_303' title='bbox 517 3320 539 3357; x_wconf 84' lang='lat'><strong><em>»,</em></strong></span> <span class='ocrx_word' id='word_1_304' title='bbox 552 3299 670 3363; x_wconf 85' lang='lat' dir='ltr'><strong><em>qtroniam</em></strong></span> <span class='ocrx_word' id='word_1_305' title='bbox 682 3300 694 3362; x_wconf 90' lang='lat'><strong>5</strong></span> <span class='ocrx_word' id='word_1_306' title='bbox 706 3300 751 3349; x_wconf 84' lang='lat'><strong><em>109</em></strong></span> <span class='ocrx_word' id='word_1_307' title='bbox 761 3301 884 3373; x_wconf 75' lang='grc' dir='ltr'>ἰσονομίαν</span> <span class='ocrx_word' id='word_1_308' title='bbox 895 3300 1004 3364; x_wconf 88' lang='lat' dir='ltr'><strong><em>appellat</em></strong></span> <span class='ocrx_word' id='word_1_309' title='bbox 1016 3301 1327 3365; x_wconf 82' lang='lat' dir='ltr'><strong><em>Tulliusoeqnilibriiotem.</em></strong></span> 
     </span>
    </p>

    <p class='ocr_par' dir='ltr' id='par_1_9' title="bbox 338 3396 1397 3639">
     <span class='ocr_line' id='line_1_32' title="bbox 369 3396 1397 3463; baseline 0.005 -18"><span class='ocrx_word' id='word_1_310' title='bbox 369 3396 432 3453; x_wconf 86' lang='lat' dir='ltr'><strong><em>lllil,</em></strong></span> <span class='ocrx_word' id='word_1_311' title='bbox 445 3397 501 3459; x_wconf 89' lang='lat'><strong><em>558.</em></strong></span> <span class='ocrx_word' id='word_1_312' title='bbox 525 3398 643 3448; x_wconf 88' lang='lat' dir='ltr'><strong><em>ldoueute</em></strong></span> <span class='ocrx_word' id='word_1_313' title='bbox 664 3397 789 3461; x_wconf 79' lang='lat' dir='ltr'><strong><em>Madvigio</em></strong></span> <span class='ocrx_word' id='word_1_314' title='bbox 808 3399 851 3463; x_wconf 86' lang='lat' dir='ltr'><strong><em>(ad</em></strong></span> <span class='ocrx_word' id='word_1_315' title='bbox 871 3399 921 3448; x_wconf 80' lang='lat' dir='ltr'><strong><em>Cic.</em></strong></span> <span class='ocrx_word' id='word_1_316' title='bbox 939 3400 971 3448; x_wconf 90' lang='lat' dir='ltr'><strong><em>dc</em></strong></span> <span class='ocrx_word' id='word_1_317' title='bbox 991 3399 1079 3461; x_wconf 82' lang='lat' dir='ltr'><strong><em>Fiup.</em></strong></span> <span class='ocrx_word' id='word_1_318' title='bbox 1091 3398 1142 3461; x_wconf 81' lang='lat'><strong><em>35),</em></strong></span> <span class='ocrx_word' id='word_1_319' title='bbox 1160 3398 1264 3449; x_wconf 88' lang='lat' dir='ltr'><strong><em>sustulit</em></strong></span> <span class='ocrx_word' id='word_1_320' title='bbox 1281 3399 1397 3450; x_wconf 84' lang='lat' dir='ltr'><strong><em>Baiterus</em></strong></span> 
     </span>
     <span class='ocr_line' id='line_1_33' title="bbox 338 3485 1396 3551; baseline 0.005 -17"><span class='ocrx_word' id='word_1_321' title='bbox 338 3485 494 3536; x_wconf 87' lang='lat' dir='ltr'><strong><em>mentionem</em></strong></span> <span class='ocrx_word' id='word_1_322' title='bbox 507 3486 535 3537; x_wconf 85' lang='lat' dir='ltr'><strong><em>L.</em></strong></span> <span class='ocrx_word' id='word_1_323' title='bbox 548 3486 630 3536; x_wconf 82' lang='lat' dir='ltr'><strong><em>Crassi</em></strong></span> <span class='ocrx_word' id='word_1_324' title='bbox 653 3493 712 3536; x_wconf 90' lang='lat' dir='ltr'><strong><em>aute</em></strong></span> <span class='ocrx_word' id='word_1_325' title='bbox 726 3487 801 3537; x_wconf 83' lang='lat' dir='ltr'><strong><em>rerba</em></strong></span> <span class='ocrx_word' id='word_1_326' title='bbox 815 3506 827 3532; x_wconf 90' lang='grc' dir='ltr'><strong><em>ι</em></strong></span> <span class='ocrx_word' id='word_1_327' title='bbox 842 3487 964 3537; x_wconf 90' lang='lat' dir='ltr'><strong><em>iamiliarc</em></strong></span> <span class='ocrx_word' id='word_1_328' title='bbox 982 3488 1026 3538; x_wconf 88' lang='lat' dir='ltr'><strong><em>illo</em></strong></span> <span class='ocrx_word' id='word_1_329' title='bbox 1039 3494 1092 3549; x_wconf 89' lang='lat' dir='ltr'><strong><em>tuo,</em></strong></span> <span class='ocrx_word' id='word_1_330' title='bbox 1104 3506 1114 3530; x_wconf 83' lang='lat'><strong>»</strong></span> <span class='ocrx_word' id='word_1_331' title='bbox 1128 3502 1184 3551; x_wconf 77' lang='lat' dir='ltr'><strong><em>que</em></strong></span> <span class='ocrx_word' id='word_1_332' title='bbox 1202 3488 1228 3537; x_wconf 93' lang='lat' dir='ltr'><strong><em>iu</em></strong></span> <span class='ocrx_word' id='word_1_333' title='bbox 1244 3488 1396 3551; x_wconf 86' lang='lat' dir='ltr'><strong><em>quibusdam</em></strong></span> 
     </span>
     <span class='ocr_line' id='line_1_34' title="bbox 338 3574 1293 3639; baseline 0 -15"><span class='ocrx_word' id='word_1_334' title='bbox 338 3574 469 3625; x_wconf 88' lang='lat' dir='ltr'><strong><em>codicibus</em></strong></span> <span class='ocrx_word' id='word_1_335' title='bbox 480 3580 506 3625; x_wconf 90' lang='lat' dir='ltr'><strong><em>et</em></strong></span> <span class='ocrx_word' id='word_1_336' title='bbox 519 3575 544 3623; x_wconf 92' lang='lat' dir='ltr'><strong><em>in</em></strong></span> <span class='ocrx_word' id='word_1_337' title='bbox 557 3575 684 3638; x_wconf 86' lang='lat' dir='ltr'><strong><em>plerisque</em></strong></span> <span class='ocrx_word' id='word_1_338' title='bbox 701 3575 856 3625; x_wconf 89' lang='lat' dir='ltr'><strong><em>editionibus</em></strong></span> <span class='ocrx_word' id='word_1_339' title='bbox 868 3575 1014 3639; x_wconf 79' lang='lat' dir='ltr'><strong><em>legebatur;</em></strong></span> <span class='ocrx_word' id='word_1_340' title='bbox 1025 3576 1099 3626; x_wconf 88' lang='lat' dir='ltr'><strong><em>abest</em></strong></span> <span class='ocrx_word' id='word_1_341' title='bbox 1109 3588 1124 3625; x_wconf 85' lang='lat' dir='ltr'><strong><em>a</em></strong></span> <span class='ocrx_word' id='word_1_342' title='bbox 1136 3576 1212 3626; x_wconf 89' lang='lat' dir='ltr'><strong><em>codd.</em></strong></span> <span class='ocrx_word' id='word_1_343' title='bbox 1225 3576 1293 3626; x_wconf 76' lang='lat' dir='ltr'><strong><em>lcl‘.</em></strong></span> 
     </span>
    </p>

    <p class='ocr_par' dir='ltr' id='par_1_10' title="bbox 337 3662 1399 4350">
     <span class='ocr_line' id='line_1_35' title="bbox 370 3662 1397 3728; baseline 0.002 -16"><span class='ocrx_word' id='word_1_344' title='bbox 370 3662 455 3723; x_wconf 88' lang='lat' dir='ltr'><strong><em>lllllll,</em></strong></span> <span class='ocrx_word' id='word_1_345' title='bbox 469 3664 480 3726; x_wconf 90' lang='lat'><strong>5</strong></span> <span class='ocrx_word' id='word_1_346' title='bbox 492 3664 531 3713; x_wconf 83' lang='grc'><strong><em>65.</em></strong></span> <span class='ocrx_word' id='word_1_347' title='bbox 545 3664 651 3713; x_wconf 86' lang='lat' dir='ltr'><strong><em>Laeuuae</em></strong></span> <span class='ocrx_word' id='word_1_348' title='bbox 662 3664 761 3727; x_wconf 82' lang='lat' dir='ltr'><strong><em>siguum</em></strong></span> <span class='ocrx_word' id='word_1_349' title='bbox 777 3665 860 3728; x_wconf 91' lang='lat' dir='ltr'><strong><em>posuit</em></strong></span> <span class='ocrx_word' id='word_1_350' title='bbox 872 3665 994 3723; x_wconf 86' lang='lat' dir='ltr'><strong><em>Baiterus,</em></strong></span> <span class='ocrx_word' id='word_1_351' title='bbox 1006 3671 1110 3714; x_wconf 87' lang='lat' dir='ltr'><strong><em>auctore</em></strong></span> <span class='ocrx_word' id='word_1_352' title='bbox 1120 3664 1252 3723; x_wconf 82' lang='lat' dir='ltr'><strong><em>lambino,</em></strong></span> <span class='ocrx_word' id='word_1_353' title='bbox 1265 3672 1324 3728; x_wconf 84' lang='lat' dir='ltr'><strong><em>post</em></strong></span> <span class='ocrx_word' id='word_1_354' title='bbox 1336 3677 1397 3715; x_wconf 82' lang='lat' dir='ltr'><strong><em>ner-</em></strong></span> 
     </span>
     <span class='ocr_line' id='line_1_36' title="bbox 339 3752 1396 3816; baseline 0.004 -15"><span class='ocrx_word' id='word_1_355' title='bbox 339 3752 385 3801; x_wconf 85' lang='lat' dir='ltr'><strong><em>ba:</em></strong></span> <span class='ocrx_word' id='word_1_356' title='bbox 400 3772 411 3795; x_wconf 85' lang='grc' dir='ltr'><strong><em>ι</em></strong></span> <span class='ocrx_word' id='word_1_357' title='bbox 424 3752 486 3801; x_wconf 88' lang='lat' dir='ltr'><strong><em>nibil</em></strong></span> <span class='ocrx_word' id='word_1_358' title='bbox 498 3759 538 3803; x_wconf 89' lang='lat' dir='ltr'><strong><em>est</em></strong></span> <span class='ocrx_word' id='word_1_359' title='bbox 549 3753 627 3814; x_wconf 84' lang='lat' dir='ltr'><strong><em>enim,</em></strong></span> <span class='ocrx_word' id='word_1_360' title='bbox 642 3771 653 3794; x_wconf 89' lang='grc' dir='ltr'><strong><em>ιι</em></strong></span> <span class='ocrx_word' id='word_1_361' title='bbox 666 3765 740 3815; x_wconf 89' lang='lat' dir='ltr'><strong><em>quam</em></strong></span> <span class='ocrx_word' id='word_1_362' title='bbox 752 3752 789 3803; x_wconf 88' lang='lat' dir='ltr'><strong><em>sio</em></strong></span> <span class='ocrx_word' id='word_1_363' title='bbox 796 3753 931 3816; x_wconf 89' lang='lat' dir='ltr'><strong><em>supplebat</em></strong></span> <span class='ocrx_word' id='word_1_364' title='bbox 944 3752 1094 3803; x_wconf 85' lang='lat' dir='ltr'><strong><em>Lambinus:</em></strong></span> <span class='ocrx_word' id='word_1_365' title='bbox 1108 3771 1121 3796; x_wconf 91' lang='grc' dir='ltr'><strong><em>ιι</em></strong></span> <span class='ocrx_word' id='word_1_366' title='bbox 1134 3753 1196 3802; x_wconf 88' lang='lat' dir='ltr'><strong><em>nihil</em></strong></span> <span class='ocrx_word' id='word_1_367' title='bbox 1208 3753 1277 3803; x_wconf 90' lang='lat' dir='ltr'><strong><em>enim</em></strong></span> <span class='ocrx_word' id='word_1_368' title='bbox 1290 3761 1331 3804; x_wconf 86' lang='lat' dir='ltr'><strong><em>est</em></strong></span> <span class='ocrx_word' id='word_1_369' title='bbox 1349 3754 1396 3804; x_wconf 92' lang='lat' dir='ltr'><strong><em>rui·</em></strong></span> 
     </span>
     <span class='ocr_line' id='line_1_37' title="bbox 337 3841 1398 3905; baseline 0.005 -16"><span class='ocrx_word' id='word_1_370' title='bbox 337 3841 449 3898; x_wconf 67' lang='lat' dir='ltr'><strong><em>nimumt</em></strong></span> <span class='ocrx_word' id='word_1_371' title='bbox 463 3841 555 3891; x_wconf 90' lang='lat' dir='ltr'><strong><em>deinde</em></strong></span> <span class='ocrx_word' id='word_1_372' title='bbox 570 3854 621 3891; x_wconf 92' lang='lat' dir='ltr'><strong><em>nou</em></strong></span> <span class='ocrx_word' id='word_1_373' title='bbox 633 3848 673 3891; x_wconf 88' lang='lat' dir='ltr'><strong><em>est</em></strong></span> <span class='ocrx_word' id='word_1_374' title='bbox 684 3842 772 3900; x_wconf 88' lang='lat' dir='ltr'><strong><em>iuane;</em></strong></span> <span class='ocrx_word' id='word_1_375' title='bbox 787 3842 849 3891; x_wconf 89' lang='lat' dir='ltr'><strong><em>nibil</em></strong></span> <span class='ocrx_word' id='word_1_376' title='bbox 861 3842 929 3891; x_wconf 92' lang='lat' dir='ltr'><strong><em>euim</em></strong></span> <span class='ocrx_word' id='word_1_377' title='bbox 941 3842 1058 3905; x_wconf 89' lang='lat' dir='ltr'><strong><em>estquod</em></strong></span> <span class='ocrx_word' id='word_1_378' title='bbox 1071 3850 1144 3893; x_wconf 80' lang='lat' dir='ltr'><strong><em>vacet</em></strong></span> <span class='ocrx_word' id='word_1_379' title='bbox 1155 3855 1270 3904; x_wconf 89' lang='lat' dir='ltr'><strong><em>corpore.</em></strong></span> <span class='ocrx_word' id='word_1_380' title='bbox 1280 3861 1294 3887; x_wconf 87' lang='grc' dir='ltr'><strong><em>ιι</em></strong></span> <span class='ocrx_word' id='word_1_381' title='bbox 1306 3842 1398 3894; x_wconf 82' lang='lat' dir='ltr'><strong><em>Scltoe-</em></strong></span> 
     </span>
     <span class='ocr_line' id='line_1_38' title="bbox 338 3930 1397 3994; baseline 0.003 -16"><span class='ocrx_word' id='word_1_382' title='bbox 338 3931 423 3981; x_wconf 89' lang='lat' dir='ltr'><strong><em>manui</em></strong></span> <span class='ocrx_word' id='word_1_383' title='bbox 438 3931 659 3994; x_wconf 85' lang='lat' dir='ltr'><strong><em>supplementum,</em></strong></span> <span class='ocrx_word' id='word_1_384' title='bbox 679 3945 710 3981; x_wconf 85' lang='lat' dir='ltr'><strong><em>ex</em></strong></span> <span class='ocrx_word' id='word_1_385' title='bbox 723 3931 799 3981; x_wconf 77' lang='lat' dir='ltr'><strong><em>lead.</em></strong></span> <span class='ocrx_word' id='word_1_386' title='bbox 818 3933 887 3990; x_wconf 89' lang='lat' dir='ltr'><strong><em>Post,</em></strong></span> <span class='ocrx_word' id='word_1_387' title='bbox 900 3932 919 3990; x_wconf 91' lang='lat' dir='ltr'><strong><em>l,</em></strong></span> <span class='ocrx_word' id='word_1_388' title='bbox 932 3933 943 3993; x_wconf 83' lang='lat'><strong>5</strong></span> <span class='ocrx_word' id='word_1_389' title='bbox 955 3932 985 3981; x_wconf 76' lang='lat' dir='ltr'><strong><em>nt</em></strong></span> <span class='ocrx_word' id='word_1_390' title='bbox 1002 3940 1139 3993; x_wconf 86' lang='lat' dir='ltr'><strong><em>sumptum,</em></strong></span> <span class='ocrx_word' id='word_1_391' title='bbox 1157 3930 1258 3993; x_wconf 89' lang='lat' dir='ltr'><strong><em>plenius</em></strong></span> <span class='ocrx_word' id='word_1_392' title='bbox 1275 3939 1325 3993; x_wconf 85' lang='lat' dir='ltr'><strong><em>est,</em></strong></span> <span class='ocrx_word' id='word_1_393' title='bbox 1345 3945 1397 3983; x_wconf 88' lang='lat' dir='ltr'><strong><em>nou</em></strong></span> 
     </span>
     <span class='ocr_line' id='line_1_39' title="bbox 338 4020 1399 4084; baseline 0.002 -15"><span class='ocrx_word' id='word_1_394' title='bbox 338 4027 421 4069; x_wconf 85' lang='lat' dir='ltr'><strong><em>autem</em></strong></span> <span class='ocrx_word' id='word_1_395' title='bbox 435 4034 495 4072; x_wconf 75' lang='lat' dir='ltr'><strong><em>nero</em></strong></span> <span class='ocrx_word' id='word_1_396' title='bbox 507 4021 630 4081; x_wconf 90' lang='lat' dir='ltr'><strong><em>similius;</em></strong></span> <span class='ocrx_word' id='word_1_397' title='bbox 644 4040 656 4065; x_wconf 93' lang='grc' dir='ltr'><strong><em>ιι</em></strong></span> <span class='ocrx_word' id='word_1_398' title='bbox 669 4021 732 4070; x_wconf 91' lang='lat' dir='ltr'><strong><em>nibil</em></strong></span> <span class='ocrx_word' id='word_1_399' title='bbox 744 4028 784 4071; x_wconf 87' lang='lat' dir='ltr'><strong><em>est</em></strong></span> <span class='ocrx_word' id='word_1_400' title='bbox 795 4021 862 4070; x_wconf 89' lang='lat' dir='ltr'><strong><em>enim</em></strong></span> <span class='ocrx_word' id='word_1_401' title='bbox 873 4021 898 4069; x_wconf 92' lang='lat' dir='ltr'><strong><em>iu</em></strong></span> <span class='ocrx_word' id='word_1_402' title='bbox 912 4034 996 4071; x_wconf 88' lang='lat' dir='ltr'><strong><em>rerum</em></strong></span> <span class='ocrx_word' id='word_1_403' title='bbox 1009 4026 1097 4070; x_wconf 89' lang='lat' dir='ltr'><strong><em>natura</em></strong></span> <span class='ocrx_word' id='word_1_404' title='bbox 1115 4020 1255 4080; x_wconf 86' lang='lat' dir='ltr'><strong><em>minimum,</em></strong></span> <span class='ocrx_word' id='word_1_405' title='bbox 1276 4020 1345 4084; x_wconf 92' lang='lat' dir='ltr'><strong><em>quod</em></strong></span> <span class='ocrx_word' id='word_1_406' title='bbox 1357 4020 1399 4071; x_wconf 93' lang='lat' dir='ltr'><strong><em>di-</em></strong></span> 
     </span>
     <span class='ocr_line' id='line_1_40' title="bbox 338 4108 1397 4172; baseline 0.003 -16"><span class='ocrx_word' id='word_1_407' title='bbox 338 4108 390 4158; x_wconf 85' lang='lat' dir='ltr'><strong><em>ridi</em></strong></span> <span class='ocrx_word' id='word_1_408' title='bbox 402 4117 520 4172; x_wconf 86' lang='lat' dir='ltr'><strong><em>nequeat,</em></strong></span> <span class='ocrx_word' id='word_1_409' title='bbox 533 4109 636 4172; x_wconf 91' lang='lat' dir='ltr'><strong><em>deiude,</em></strong></span> <span class='ocrx_word' id='word_1_410' title='bbox 650 4117 677 4160; x_wconf 92' lang='lat' dir='ltr'><strong><em>ut</em></strong></span> <span class='ocrx_word' id='word_1_411' title='bbox 689 4110 749 4168; x_wconf 90' lang='lat' dir='ltr'><strong><em>siut,</em></strong></span> <span class='ocrx_word' id='word_1_412' title='bbox 762 4110 858 4159; x_wconf 86' lang='lat' dir='ltr'><strong><em>moveri</em></strong></span> <span class='ocrx_word' id='word_1_413' title='bbox 871 4110 1001 4172; x_wconf 86' lang='lat' dir='ltr'><strong><em>perinane</em></strong></span> <span class='ocrx_word' id='word_1_414' title='bbox 1014 4123 1064 4159; x_wconf 91' lang='lat' dir='ltr'><strong><em>uon</em></strong></span> <span class='ocrx_word' id='word_1_415' title='bbox 1077 4116 1191 4172; x_wconf 88' lang='lat' dir='ltr'><strong><em>possunt,</em></strong></span> <span class='ocrx_word' id='word_1_416' title='bbox 1211 4109 1234 4158; x_wconf 91' lang='lat' dir='ltr'><strong><em>si</em></strong></span> <span class='ocrx_word' id='word_1_417' title='bbox 1249 4109 1355 4172; x_wconf 87' lang='lat' dir='ltr'><strong><em>quidem</em></strong></span> <span class='ocrx_word' id='word_1_418' title='bbox 1371 4109 1397 4159; x_wconf 90' lang='lat' dir='ltr'><strong><em>id</em></strong></span> 
     </span>
     <span class='ocr_line' id='line_1_41' title="bbox 337 4197 1397 4263; baseline 0.001 -15"><span class='ocrx_word' id='word_1_419' title='bbox 337 4197 402 4248; x_wconf 83' lang='lat' dir='ltr'><strong><em>dicis</em></strong></span> <span class='ocrx_word' id='word_1_420' title='bbox 424 4197 508 4256; x_wconf 88' lang='lat' dir='ltr'><strong><em>inane,</em></strong></span> <span class='ocrx_word' id='word_1_421' title='bbox 529 4199 596 4261; x_wconf 87' lang='lat' dir='ltr'><strong><em>quod</em></strong></span> <span class='ocrx_word' id='word_1_422' title='bbox 609 4207 682 4249; x_wconf 84' lang='lat' dir='ltr'><strong><em>vacet</em></strong></span> <span class='ocrx_word' id='word_1_423' title='bbox 693 4212 809 4261; x_wconf 87' lang='lat' dir='ltr'><strong><em>corpore.</em></strong></span> <span class='ocrx_word' id='word_1_424' title='bbox 825 4219 835 4241; x_wconf 92' lang='grc' dir='ltr'><strong><em>ι</em></strong></span> <span class='ocrx_word' id='word_1_425' title='bbox 851 4198 976 4262; x_wconf 82' lang='lat' dir='ltr'><strong><em>Equidem</em></strong></span> <span class='ocrx_word' id='word_1_426' title='bbox 995 4199 1077 4263; x_wconf 79' lang='lat' dir='ltr'><strong><em>legam</em></strong></span> <span class='ocrx_word' id='word_1_427' title='bbox 1091 4214 1098 4247; x_wconf 72' lang='grc' dir='ltr'><strong><em>ε</em></strong></span> <span class='ocrx_word' id='word_1_428' title='bbox 1113 4220 1123 4242; x_wconf 91' lang='grc' dir='ltr'><strong><em>ι</em></strong></span> <span class='ocrx_word' id='word_1_429' title='bbox 1137 4198 1199 4248; x_wconf 89' lang='lat' dir='ltr'><strong><em>nilril</em></strong></span> <span class='ocrx_word' id='word_1_430' title='bbox 1218 4204 1258 4249; x_wconf 90' lang='lat' dir='ltr'><strong><em>est</em></strong></span> <span class='ocrx_word' id='word_1_431' title='bbox 1276 4199 1346 4250; x_wconf 88' lang='lat' dir='ltr'><strong><em>euim</em></strong></span> <span class='ocrx_word' id='word_1_432' title='bbox 1370 4200 1397 4249; x_wconf 81' lang='lat' dir='ltr'><strong><em>in</em></strong></span> 
     </span>
     <span class='ocr_line' id='line_1_42' title="bbox 338 4284 746 4350; baseline 0.007 -17"><span class='ocrx_word' id='word_1_433' title='bbox 338 4284 429 4333; x_wconf 86' lang='lat' dir='ltr'><strong><em>mundo</em></strong></span> <span class='ocrx_word' id='word_1_434' title='bbox 440 4284 507 4349; x_wconf 91' lang='lat' dir='ltr'><strong><em>quod</em></strong></span> <span class='ocrx_word' id='word_1_435' title='bbox 520 4293 591 4335; x_wconf 87' lang='lat' dir='ltr'><strong><em>uacet</em></strong></span> <span class='ocrx_word' id='word_1_436' title='bbox 603 4299 718 4350; x_wconf 89' lang='lat' dir='ltr'><strong><em>corpore.</em></strong></span> <span class='ocrx_word' id='word_1_437' title='bbox 733 4304 746 4331; x_wconf 91' lang='grc' dir='ltr'><strong><em>ιι</em></strong></span> 
     </span>
    </p>

    <p class='ocr_par' dir='ltr' id='par_1_11' title="bbox 369 4373 1395 4437">
     <span class='ocr_line' id='line_1_43' title="bbox 369 4373 1395 4437; baseline 0.003 -13"><span class='ocrx_word' id='word_1_438' title='bbox 369 4373 453 4436; x_wconf 75' lang='lat' dir='ltr'><strong><em>xliii,</em></strong></span> <span class='ocrx_word' id='word_1_439' title='bbox 466 4374 478 4436; x_wconf 88' lang='lat'><strong>5</strong></span> <span class='ocrx_word' id='word_1_440' title='bbox 489 4374 529 4425; x_wconf 87' lang='grc'><strong><em>68.</em></strong></span> <span class='ocrx_word' id='word_1_441' title='bbox 542 4373 655 4425; x_wconf 87' lang='lat' dir='ltr'><strong><em>tllieuam</em></strong></span> <span class='ocrx_word' id='word_1_442' title='bbox 666 4387 680 4424; x_wconf 91' lang='lat' dir='ltr'><strong><em>a</em></strong></span> <span class='ocrx_word' id='word_1_443' title='bbox 694 4381 764 4427; x_wconf 86' lang='lat' dir='ltr'><strong><em>textu</em></strong></span> <span class='ocrx_word' id='word_1_444' title='bbox 776 4388 834 4427; x_wconf 87' lang='lat' dir='ltr'><strong><em>esse</em></strong></span> <span class='ocrx_word' id='word_1_445' title='bbox 846 4389 940 4426; x_wconf 90' lang='lat' dir='ltr'><strong><em>censeo</em></strong></span> <span class='ocrx_word' id='word_1_446' title='bbox 951 4376 1104 4427; x_wconf 86' lang='lat' dir='ltr'><strong><em>seutentiam</em></strong></span> <span class='ocrx_word' id='word_1_447' title='bbox 1114 4391 1143 4425; x_wconf 73' lang='grc' dir='ltr'><strong><em>ιι</em></strong></span> <span class='ocrx_word' id='word_1_448' title='bbox 1157 4376 1193 4426; x_wconf 91' lang='lat' dir='ltr'><strong><em>lta</em></strong></span> <span class='ocrx_word' id='word_1_449' title='bbox 1201 4375 1268 4428; x_wconf 88' lang='lat' dir='ltr'><strong><em>enim</em></strong></span> <span class='ocrx_word' id='word_1_450' title='bbox 1281 4376 1395 4437; x_wconf 83' lang='lat' dir='ltr'><strong><em>dicebas,</em></strong></span> 
     </span>
    </p>
   </div>
   <div class='ocr_carea' id='block_1_3' title="bbox 0 0 1669 5159">
    <p class='ocr_par' dir='ltr' id='par_1_12' title="bbox 0 0 1669 5159">
     <span class='ocr_line' id='line_1_44' title="bbox 0 0 1669 5159; baseline 0 0"><span class='ocrx_word' id='word_1_451' title='bbox 0 0 1669 5159; x_wconf 95' lang='lat' dir='ltr'><strong><em> </em></strong></span> 
     </span>
    </p>
   </div>
  </div>
 </body>
</html>
