3325 5159
297 563 333 622 to
455 630 459 640 ,
504 565 547 622 Du
561 578 675 623 sturnus
690 578 828 622 nononuu
844 564 892 633 Mi,
906 578 1032 634 xx-xxn,
1048 566 1145 623 65-73.

298 700 359 749 dare
371 700 489 750 videntur
500 708 559 751 ante
569 722 579 745 «
590 702 673 763 patula
686 701 743 764 pina
753 721 774 750 r.
783 728 812 736 -
825 700 943 751 Fortasse
955 708 1014 751 ante
1025 703 1146 751 monuisse
1158 701 1254 752 excidit
1265 716 1357 752 moran.

297 788 389 840 Confer
400 802 456 853 quae
474 789 592 853 leguntur
611 791 666 840 Nat.
685 790 713 839 li.
727 790 756 848 M,
776 803 800 839 c.
813 791 859 852 48,
874 792 887 855 5
904 790 954 840 123.
967 791 1053 841 Oratio
1064 799 1178 842 ceterum
1191 792 1291 855 planius
1303 806 1358 855 pro-

298 879 372 929 cedet
384 879 406 928 si
419 878 466 928 hoc
478 879 585 928 incisum
600 900 609 921 ι
624 880 668 942 qui
679 886 738 928 enat
750 892 765 929 e
776 879 873 929 concha
885 900 894 920 ι
909 880 1045 930 transferas
1057 888 1114 943 post
1125 886 1233 930 voantur.
1246 904 1277 919 -
1290 881 1360 931 Codi-

298 981 342 1019 ces
353 969 393 1018 ΑΒ
405 969 519 1019 habeut:
534 990 544 1011 ι
559 968 637 1019 Multo
656 968 709 1017 lraec
727 969 873 1018 coniunctio
893 977 932 1019 est
944 969 1054 1019 lromiois
1065 984 1086 1029 »;
1105 970 1208 1020 codices
1220 969 1360 1020 deteriores

299 1080 309 1101 ι
324 1058 402 1108 rnrrlto
415 1059 495 1121 magis
508 1059 572 1117 lraec,
585 1066 654 1107 etc.»
667 1071 741 1121 quam
755 1058 889 1108 lectionem
901 1060 956 1109 sine
969 1060 1128 1108 dubitatione
1140 1059 1358 1109 admiseruntedi-

297 1155 380 1208 tores;
394 1149 605 1198 Baiter·.laounam
618 1148 726 1211 signarit
738 1147 891 1197 intermnlto
902 1155 928 1197 et
937 1149 996 1197 lroec.
1010 1148 1127 1198 Fortasse
1140 1149 1359 1212 latetadjectirum

298 1239 323 1286 in
336 1239 420 1299 priore
434 1250 500 1294 voc,
513 1236 586 1299 quale
598 1234 738 1297 manifesto.

330 1326 388 1385 XM,
408 1325 469 1387 565.
488 1327 579 1376 Contra
599 1325 718 1381 codices.
736 1325 835 1374 Bremio
855 1333 976 1383 auctore,
996 1326 1059 1388 legit
1078 1326 1211 1376 Baiterus:
1233 1340 1359 1391 «eumque

300 1428 375 1465 nemo
386 1435 406 1473 r,
426 1428 471 1476 pro
485 1415 615 1478 «qnodque
635 1428 742 1475 nemo»,
760 1415 801 1464 cui
814 1415 924 1464 libenter
935 1416 1078 1475 assentior;
1098 1415 1190 1477 saepius
1206 1416 1274 1464 enim
1287 1429 1359 1480 quam

296 1502 500 1551 animadvertunt
511 1503 593 1552 critici
604 1517 662 1551 cnm
672 1511 698 1552 et
710 1503 775 1567 qnod
786 1511 969 1564 permutantur.
988 1531 1019 1539 —
1037 1503 1120 1553 Malim
1140 1503 1226 1567 legere
1244 1518 1303 1554 cum
1315 1504 1359 1553 lla-

299 1591 362 1641 visio
382 1591 436 1640 «ad
456 1591 552 1641 civilem
575 1592 782 1641 communitatem
796 1608 818 1653 »3
837 1605 893 1641 nam
906 1606 961 1641 voc.
982 1593 1124 1641 naturalem
1142 1606 1211 1642 mera
1224 1594 1359 1656 tarrtologia

298 1687 337 1729 est
349 1679 383 1729 ob
396 1680 499 1730 verbum
513 1695 564 1731 esse
576 1686 656 1731 notos.
670 1682 767 1731 'icilius
782 1682 837 1744 ipse
855 1682 1013 1746 §discribit
1025 1698 1032 1729 z
1048 1684 1098 1732 «ad
1112 1682 1206 1732 clvilm
1218 1684 1361 1733 communi-

299 1776 375 1819 tatem
387 1770 547 1820 coniuncti».
560 1797 591 1806 —
603 1770 617 1834 ᾗ
628 1771 668 1821 67.
682 1771 796 1834 Legitur,
812 1772 867 1820 Nat.
882 1771 912 1819 u.
924 1771 961 1831 M,
977 1772 1022 1820 tal
1035 1792 1045 1814 «
1060 1772 1116 1833 lpse
1134 1774 1243 1822 muudus
1254 1772 1359 1822 deorum

298 1859 479 1923 hominumque
490 1873 566 1909 carisa
579 1859 659 1909 iactus
672 1868 709 1909 est
720 1879 730 1900 r
744 1873 794 1922 quo
806 1860 863 1909 loeo
881 1866 983 1909 tuentur
994 1860 1077 1909 critici
1089 1861 1166 1910 rerba
1181 1868 1225 1910 «et
1236 1861 1359 1911 deorum·

298 1957 355 2011 post
370 1971 380 1991 «
395 1957 479 1999 cetera
498 1956 554 1998 nata
573 1962 630 2000 esse
651 1949 780 2000 hominum
799 1962 874 1999 causa
889 1964 910 2009 »ς
931 1950 977 1999 sed
994 1964 1070 2013 quum
1082 1950 1178 1999 Tullius
1198 1951 1274 2000 addat
1291 1971 1301 1993 ι
1316 1963 1361 2000 eos

296 2046 380 2087 autem
395 2058 405 2079 ι
423 2038 491 2101 quod
508 2037 618 2087 retertur
629 2040 660 2088 ad
680 2037 795 2087 homines
813 2037 910 2100 solum,
926 2039 964 2087 rix
985 2040 1111 2100 putandus
1130 2046 1169 2088 est
1185 2038 1226 2088 iric
1245 2040 1361 2101 comple-

298 2136 409 2178 mentum
423 2128 511 2177 inutile
522 2128 673 2187 admisisse,
693 2129 760 2192 quod
774 2129 947 2191 perspicuitati
960 2136 1044 2179 nocet.
1064 2130 1188 2193 Equidem
1201 2130 1248 2180 hoc
1260 2130 1362 2180 addita·

299 2224 426 2277 mentum,
440 2216 507 2280 quod
525 2216 580 2265 sine
600 2216 678 2266 dubio
696 2217 806 2267 debetur
816 2217 973 2268 annotationi
986 2217 1134 2282 marginali,
1149 2220 1310 2281 usurpavisse
1322 2219 1361 2270 io·

299 2318 355 2354 cum
375 2305 465 2367 opinor
478 2305 548 2354 verbi
566 2304 640 2368 cujus
659 2304 811 2370 Chrysippus
822 2307 965 2371 subjectum
984 2313 1041 2369 est,
1061 2308 1134 2370 qrrale
1147 2308 1243 2369 docuit,
1262 2321 1307 2358 seu
1321 2310 1362 2358 de-

298 2395 454 2453 monstrauit,
468 2409 500 2444 ex
516 2408 566 2458 quo
582 2403 637 2445 orta
657 2403 717 2445 sunt
736 2396 882 2459 imperfecta
899 2406 980 2458 esset,
1000 2398 1175 2456 intercederet,
1187 2402 1361 2456 conservaret,

298 2486 418 2547 migraret
425 2503 434 2540 ;
446 2497 523 2548 quare
536 2483 671 2547 legendum
686 2491 726 2535 est
735 2489 836 2548 possent
848 2500 893 2547 pro
903 2487 1006 2551 possint.

328 2574 400 2635 xxi,
419 2573 483 2636 569.
500 2573 527 2623 Si
539 2574 591 2623 lraec
604 2574 681 2623 verba
695 2589 702 2621 ε
718 2594 728 2616 ι
743 2587 849 2638 quorum
867 2574 944 2624 altera
958 2582 1077 2636 prosunt,
1090 2582 1182 2625 nocent.
1193 2576 1271 2624 altera
1287 2596 1297 2619 »
1311 2588 1361 2625 non

297 2660 401 2710 omnino
424 2671 578 2721 supervacua
602 2667 662 2708 sunt
685 2666 711 2708 et
740 2659 886 2721 exprimunt
908 2672 990 2722 graeca
1014 2659 1134 2709 vocabula
1164 2658 1311 2732 ὠφελήματα
1335 2666 1361 2708 et

298 2745 450 2820 βλάμματα,
471 2747 561 2798 nrelius
580 2759 654 2809 quam
673 2747 840 2797 emolumento
858 2754 884 2798 et
907 2747 1067 2806 detrimento,
1091 2748 1175 2811 aptius
1197 2748 1360 2811 legerentur,

297 2832 397 2896 opinor,
412 2833 450 2881 rel
463 2840 520 2895 post
531 2845 561 2883 ea
574 2832 712 2893 vocabula,
726 2832 765 2882 vel
778 2840 835 2895 post
847 2833 981 2896 appellent.
996 2860 1027 2869 -
1046 2832 1128 2883 Malim
1142 2832 1228 2896 legere
1240 2846 1298 2883 cum
1310 2834 1362 2883 Ma-

299 2916 378 2976 risio,
397 2917 500 2967 inverso
512 2917 618 2978 ordine,
637 2915 670 2967 ob
683 2916 803 2967 vocabula
815 2930 898 2981 graeoa
910 2918 1116 2991 εὐχρηστὴματα,
1127 2912 1354 2991 inopertam,

301 3023 310 3043 ι
325 3003 455 3053 commoda
474 3009 558 3052 autem
577 3010 603 3053 et
626 3003 817 3053 incommoda».
830 3004 1044 3065 -Transponam
1063 3004 1137 3054 colon
1151 3018 1157 3052 :
1173 3024 1183 3047 a
1197 3004 1246 3053 Sed
1260 3002 1361 3053 emolu-

299 3093 532 3143 mentacommunia
541 3093 724 3143 essedicuntur
733 3114 756 3154 ι,
771 3100 828 3155 post
844 3092 920 3142 verba
934 3108 940 3140 ι
956 3113 965 3134 ι
980 3092 1105 3142 habentur
1117 3092 1258 3142 communia
1272 3106 1299 3153 »3
1313 3091 1362 3141 uisi

301 3181 372 3231 melis
382 3195 439 3231 cum
448 3182 548 3231 Darisio
558 3182 583 3232 id
593 3182 720 3231 omittere.
733 3182 760 3231 Si
772 3189 897 3239 serretur,
909 3182 1000 3231 addaiu
1012 3195 1069 3231 cum
1078 3181 1216 3231 lambino:
1231 3179 1364 3232 «etdetri-

300 3278 385 3321 menta
394 3272 467 3333 ».—§
478 3272 518 3321 to.
534 3271 632 3334 Sequor
644 3270 792 3321 Lambinum
801 3269 929 3333 legentem
939 3285 945 3317 :
954 3291 964 3313 «
974 3283 1005 3320 ex
1018 3283 1106 3319 eorum
1117 3283 1287 3333 genereque
1300 3281 1361 3332 pro-

300 3368 359 3409 sunt
373 3380 394 3422 r,
409 3373 454 3421 pro
466 3361 526 3409 lect.
539 3358 606 3423 vulg.
622 3373 672 3409 «ex
686 3372 717 3409 eo
728 3371 824 3423 genere
833 3380 886 3406 ·.—
892 3359 953 3409 Voc.
963 3358 1111 3422 posteriores
1122 3359 1253 3410 abundare
1261 3358 1362 3408 ridetur

302 3454 358 3509 post
371 3467 381 3489 «
397 3446 422 3495 iri
434 3460 535 3510 quoque
549 3467 571 3495 ι.
584 3446 724 3509 Madvigius
736 3447 761 3497 id
774 3453 859 3496 tuetur
870 3446 1026 3496 conferendo
1041 3447 1124 3496 iocum
1137 3445 1176 3506 lV,
1191 3447 1229 3503 to,
1243 3444 1286 3494 ubi
1298 3444 1363 3507 legi-

301 3540 342 3582 tur
354 3554 364 3577 «
376 3533 442 3584 iranc
455 3534 622 3596 posteriorem
637 3548 658 3595 »3
675 3535 721 3585 sed
731 3535 768 3584 ibi
788 3535 903 3599 sequitur
915 3548 962 3585 uox
978 3535 1101 3599 priorem,
1114 3547 1170 3597 quae
1183 3534 1222 3583 iric
1235 3534 1318 3584 deest.
1330 3559 1361 3571 -

300 3624 392 3673 Contra
402 3624 512 3686 optimos
523 3624 625 3675 codices
636 3625 680 3688 qui
693 3623 787 3675 habent
800 3639 807 3673 z
829 3646 839 3668 «
853 3638 901 3676 nec
914 3624 1017 3674 iustitiae
1029 3638 1079 3674 nec
1087 3624 1206 3674 amicitiae
1218 3635 1275 3673 esse
1287 3629 1363 3685 pote-

301 3721 382 3764 runt·
403 3714 465 3777 legit
483 3714 624 3777 Madvigius
637 3730 643 3762 z
658 3736 668 3757 «
683 3728 730 3765 nec
749 3715 844 3765 iustitia
857 3729 904 3765 nec
921 3716 1071 3773 amicitior,
1091 3714 1116 3762 in
1128 3714 1292 3764 adnotatione
1304 3726 1362 3763 mo-

301 3811 364 3853 net:
379 3823 390 3847 ι
404 3803 442 3853 lix
455 3803 562 3853 amicitia
573 3817 623 3853 esse
637 3802 729 3854 tactum
742 3811 782 3854 est
793 3804 906 3854 amicitie
918 3818 985 3866 esre,
998 3802 1091 3853 deinde
1104 3802 1135 3852 ad
1150 3820 1161 3845 r
1175 3802 1201 3851 id
1212 3802 1363 3853 adcommo-

302 3893 386 3941 datum
398 3892 503 3941 instr'lr'oe
517 3912 537 3939 r.
551 3892 703 3955 verissime,
721 3894 766 3943 sed
785 3893 878 3955 saepius
895 3906 971 3956 quam
989 3890 1125 3942 conlitetur
1137 3890 1244 3939 eximius
1260 3889 1364 3939 criticus

303 3980 364 4029 tales
380 3986 516 4029 occurrunt
534 3979 559 4028 in
579 3980 710 4030 codicibus
728 3994 838 4031 errores.
855 4008 877 4017 -
900 3982 962 4043 §7¹-
983 3980 1102 4042 Suspicor
1114 3979 1262 4029 Ciceronem
1278 3978 1364 4040 scrip-

302 4064 367 4114 sisse
381 4080 387 4112 :
401 4084 412 4108 a
427 4064 467 4113 lus
478 4074 578 4126 autem,
591 4066 659 4129 quod
671 4066 705 4114 ita
717 4061 770 4124 δίκη
783 4065 904 4128 appellari
918 4066 998 4128 possit
1013 4085 1034 4125 ·,
1047 4077 1094 4126 pro
1108 4085 1117 4105 r
1129 4063 1196 4126 quod
1208 4063 1241 4111 ita
1257 4062 1304 4111 dr'ct'
1315 4074 1363 4124 ap—

303 4150 437 4215 pellarique
450 4151 530 4213 possit
538 4165 561 4211 u;
574 4151 611 4201 sic
622 4150 772 4215 intelligitur
783 4151 844 4215 quid
858 4150 924 4199 valet
934 4150 985 4210 ito,
999 4157 1025 4198 et
1037 4148 1165 4199 evanescit
1177 4147 1321 4210 tautologia.

334 4239 415 4302 xxii,
429 4239 491 4302 §73-
511 4240 623 4290 Baiterus
635 4240 732 4299 edidit,
745 4248 863 4290 monente
881 4238 1020 4302 Madvigio‚
1036 4260 1046 4281 ι
1060 4238 1173 4289 victurus
1184 4245 1223 4293 est
1238 4260 1259 4298 »,
1274 4243 1362 4287 contra

302 4329 406 4380 codices
416 4329 460 4394 qui
472 4329 567 4402 habent
578 4328 624 4385 n't;
640 4329 685 4379 scd
700 4328 763 4379 ieris
775 4335 815 4378 cst
827 4328 852 4377 in
866 4327 957 4378 talibus
975 4327 1091 4379 codicum
1103 4326 1252 4384 auctoritas,
1265 4326 1291 4375 io
1303 4323 1363 4389 qui-
