3325 5159
241 520 246 530 ’
318 558 353 612 it
559 557 600 614 De
615 570 731 615 rtutnus
746 570 884 615 nononun
901 559 935 629 tt,
952 573 1026 629 unt,
1041 560 1137 617 ill-35.

315 692 358 729 res
369 687 438 729 essct
447 700 467 727 ι.
481 680 599 730 Nonnulli
609 680 720 731 addunt:
735 702 745 723 «
760 680 807 740 Qui
819 680 873 731 baec
885 681 1030 732 didicerunt
1046 681 1169 745 quoditie
1181 684 1333 746 contemnit,
1347 686 1386 738 sic

314 769 432 828 solentn;
444 768 604 832 adsumptum
616 783 648 820 ex
660 769 749 820 codiee
761 768 866 819 alterius
878 768 987 828 tamillte,
1000 776 1027 819 et
1039 770 1093 820 iere
1104 781 1299 833 supervacuum.
1309 773 1386 823 blad-

315 856 397 918 vlgius
411 863 497 907 autem
516 870 570 907 rem
582 856 657 908 aliter
667 857 831 908 considerat:
847 856 974 908 «Omissis
986 856 1037 907 illis
1050 857 1151 907 verbis:
1165 858 1212 921 Qui
1224 859 1277 909 hec
1288 860 1385 911 didice-

313 950 372 994 runt
385 960 439 1010 que
448 946 490 995 ille
499 946 641 1007 contemnit,
654 948 689 995 sic
700 946 789 999 solent.
803 958 881 1009 qntrm
893 946 985 996 deesse
998 946 1092 1009 aliquid
1106 945 1180 997 tacite
1193 948 1384 1009 pateret,idsic

312 1033 471 1095 suppletum'
486 1042 511 1083 st
532 1040 670 1097 ceteraque
688 1033 860 1096 supplementi
879 1045 955 1083 causa
972 1040 1065 1083 mutma
1085 1033 1122 1096 (et
1139 1033 1196 1083 vide
1214 1035 1347 1085 audaciam
1358 1036 1381 1098 l)

313 1120 361 1183 Qui
379 1121 400 1170 si
416 1121 505 1170 diecret
523 1120 682 1184 cupiditatum
700 1134 751 1170 ease
768 1121 815 1170 duo
832 1134 923 1183 partera
942 1121 1066 1170 naturalia
1089 1125 1112 1170 et
1124 1121 1382 1180 incommomodum

311 1221 405 1272 qnoque
420 1208 480 1256 item
493 1208 603 1271 (ituci
620 1213 647 1258 et
667 1209 723 1258 Bas.
742 1220 793 1258 om.
806 1208 874 1270 item)
887 1209 945 1266 dno,
958 1209 1107 1258 nmccaorios
1120 1213 1143 1258 et
1155 1222 1206 1259 iton
1218 1211 1381 1271 necessarios,

310 1296 419 1358 confecto
430 1310 469 1346 rea
485 1300 554 1347 esset.
568 1297 627 1358 Quae
640 1303 795 1359 potestesse
810 1298 924 1360 apertior
935 1303 998 1347 ortae
1010 1310 1024 1347 c
1037 1298 1131 1348 mendo
1143 1305 1169 1348 et
1181 1311 1325 1361 progressae
1338 1300 1381 1349 in·

311 1385 484 1447 terpolationis
501 1386 628 1436 historia?
644 1386 676 1436 lit
688 1393 773 1436 mmen
786 1386 913 1436 neminem
927 1386 1020 1436 ueritas
1032 1386 1203 1437 movitnllon
1212 1385 1381 1437 iaciletamen

310 1472 500 1535 interpolatoris
512 1487 612 1524 manum
624 1486 762 1537 agnoscam
779 1474 861 1525 oratio
874 1474 942 1524 nullo
954 1486 1026 1524 noeto
1039 1473 1145 1534 laborat,
1159 1480 1185 1524 et
1197 1474 1289 1525 melius
1300 1475 1381 1526 intel-

310 1562 397 1625 ligitur
419 1564 531 1616 conditio
555 1565 577 1615 si
601 1564 670 1628 legas
694 1565 756 1629 «qui
768 1565 791 1615 si
802 1564 902 1615 diceret
911 1583 935 1613 n.
947 1564 1034 1628 ltaque
1046 1565 1128 1627 legam
1140 1566 1166 1614 in
1184 1565 1269 1628 priore
1283 1567 1379 1616 modo:

312 1652 450 1704 .Coniecta
462 1666 504 1704 res
515 1661 554 1703 est
564 1672 587 1713 n,
601 1660 629 1702 nt
641 1652 734 1715 legitur
745 1652 771 1702 in
784 1653 842 1703 cod.
856 1653 885 1702 tt.

340 1744 372 1805 li,
385 1743 397 1806 ξ
408 1742 449 1792 29.
463 1741 508 1792 ilic
527 1753 627 1805 quoque
639 1742 747 1803 geminae
758 1740 944 1791 enunciationis
956 1740 1063 1804 uestigia
1075 1742 1185 1804 reperio.
1198 1742 1304 1803 Tullius,
1324 1744 1379 1806 opi-

309 1845 366 1893 nor,
378 1832 449 1893 prius
463 1830 616 1893 scripserat:
632 1849 641 1870 ι
656 1829 709 1878 lloc
723 1841 783 1879 vero
796 1829 905 1879 maximo
917 1836 1068 1892 argumento
1086 1837 1126 1879 est
1143 1830 1296 1895 voluptatem
1309 1831 1378 1882 illam

309 1935 341 1972 ne
353 1918 522 1982 expetendam
533 1918 637 1982 quidem
650 1930 707 1968 esse
719 1918 787 1981 qtrod
799 1929 855 1967 eam
869 1918 929 1978 rol,
943 1926 993 1967 etc.
1005 1937 1014 1961 ι
1030 1918 1135 1976 Deinde,
1147 1931 1198 1981 quo
1210 1926 1307 1970 motum
1319 1933 1379 1971 ora·

309 2008 386 2059 tionis
398 2012 504 2071 augeret
515 2014 542 2056 et
559 2005 686 2056 rhetorice
698 2006 779 2069 magis
790 2017 864 2066 quam
877 2006 1011 2055 dialectice
1023 2005 1179 2069 loqueretur,
1194 2007 1303 2070 praetulit
1315 2020 1380 2057 sen-

308 2096 413 2146 tentiam
426 2095 460 2144 ita
472 2094 566 2145 edere:
581 2113 592 2136 n
602 2093 655 2143 lloc
668 2105 728 2143 vero
741 2105 791 2143 uon
804 2093 892 2143 ridere
906 2092 1060 2156 uoluptatem
1069 2093 1146 2153 illam,
1159 2106 1217 2156 oua.
1231 2103 1300 2145 eto.»
1309 2095 1378 2145 Lec-

308 2187 403 2235 tionem
422 2183 547 2247 vulgatam
566 2182 631 2231 tueri
649 2189 755 2232 conatur
772 2181 913 2245 Madvigius
930 2182 1086 2233 conierendo
1106 2184 1189 2233 locum
1208 2184 1266 2233 libri
1279 2185 1309 2233 lV
1321 2186 1333 2247 l
1344 2186 1378 2234 76

309 2274 382 2322 «iloc
401 2284 451 2321 non
465 2270 562 2331 uidere,
576 2277 625 2319 etc.
637 2288 649 2313 n
662 2269 712 2318 Sed
725 2270 804 2319 multo
824 2270 929 2319 brevior
941 2270 976 2319 ibi
989 2278 1029 2319 est
1040 2272 1176 2329 sententia,
1189 2284 1236 2322 nec
1249 2272 1376 2334 triplicem
1391 2283 1393 2287 ’

305 2359 456 2410 infinitivum
469 2358 574 2421 praebet,
588 2356 772 2420 nequedesinit
782 2358 994 2419 lnanaeolutbon;
1008 2360 1042 2409 ita
1054 2366 1082 2408 ut
1095 2360 1232 2410 verisimile
1243 2360 1277 2411 sit
1290 2362 1375 2423 perio-

305 2450 367 2497 dum
380 2454 431 2497 tam
444 2446 591 2508 implicitam
606 2445 688 2495 Tullio
706 2446 877 2507 displicuisse.
890 2474 921 2482 -
933 2446 945 2509 5
957 2448 995 2497 30.
1010 2447 1155 2497 Sententia:
1171 2461 1242 2498 «non
1253 2456 1294 2498 est
1305 2449 1374 2498 enim

305 2535 393 2585 vitium
405 2535 431 2584 in
444 2534 558 2584 oratione
575 2533 657 2583 solum
669 2534 714 2582 sed
728 2533 804 2583 etiam
816 2534 841 2581 in
855 2535 989 2584 moribus»
1004 2536 1119 2585 nonnihil
1131 2535 1247 2586 scholion
1258 2536 1333 2598 sapit.
1342 2563 1374 2573 -

304 2624 316 2682 ᾗ
329 2622 368 2672 33.
381 2623 477 2672 Voces:
491 2640 504 2665 n
514 2622 579 2671 duce
593 2629 701 2671 natura·
714 2621 806 2671 abesse
818 2628 935 2683 possunt,
949 2630 1005 2685 post
1018 2624 1141 2685 aspectrla
1155 2630 1280 2674 naturae».
1291 2627 1371 2676 -Go

303 2711 375 2761 dices
387 2722 476 2761 omnes
487 2710 548 2759 dant
560 2709 655 2758 «animi
668 2717 761 2758 statum
772 2722 794 2770 ις
805 2708 958 2772 iampridem
971 2710 1035 2761 uidit
1047 2712 1172 2762 Victorius
1183 2712 1318 2775 legendum
1329 2725 1373 2763 es·

304 2812 333 2848 se
347 2819 357 2841 ι
369 2799 497 2861 animum,
511 2805 593 2848 status
609 2817 631 2860 n,
644 2798 685 2847 cni
708 2798 846 2861 obsequuti
869 2806 929 2849 sunt
946 2812 996 2850 nou
1013 2808 1164 2851 cunctanter
1183 2802 1306 2860 editores,
1319 2810 1372 2851 tum

304 2886 402 2948 priores
415 2894 468 2936 tum
481 2886 693 2937 recentiores-
704 2886 850 2937 Sententia:
866 2886 973 2950 «ttaqm
985 2888 1010 2937 in
1023 2889 1071 2939 boc
1083 2889 1174 2939 codem
1188 2897 1275 2953 peccat
1284 2890 1372 2940 lliero-

302 2988 421 3039 nymus»,
442 2976 498 3026 sinc
517 2975 595 3026 dubio
614 2974 725 3025 alienum
745 2975 829 3026 locum
847 2982 934 3036 tenet3
948 2976 1033 3026 turbat
1045 2977 1112 3026 enirn
1125 2977 1247 3029 orationis
1258 2990 1371 3038 cursum,

303 3064 457 3129 lectorisque
476 3064 662 3115 dubitationem
685 3070 780 3113 movet.
804 3063 859 3112 Non
882 3063 916 3113 ita
936 3064 987 3114 erit
1002 3064 1024 3114 sl
1036 3063 1111 3115 istam
1123 3076 1199 3128 snpra
1211 3072 1371 3129 transponas,

303 3161 361 3215 post
373 3166 449 3205 voces
463 3152 508 3202 «in
521 3164 572 3203 non
583 3152 695 3202 dolendo
704 3169 727 3209 ι,
740 3152 766 3212 (ξ
776 3150 829 3213 31).
842 3150 912 3201 coni.
928 3152 940 3213 ᾖ
951 3152 992 3205 35.

331 3242 375 3303 xl,
394 3242 456 3303 533.
482 3240 590 3290 Plurima
610 3238 774 3303 negligentiae
793 3239 865 3303 signa
885 3240 981 3290 nomvit
998 3240 1107 3305 Madvig.
1121 3243 1146 3292 in
1164 3243 1210 3293 bac
1226 3244 1369 3295 sententia:

302 3330 365 3380 «Sic
377 3329 488 3379 terarum
501 3336 589 3378 natura
606 3340 656 3378 non
669 3335 710 3379 est
725 3327 768 3377 illa
779 3328 883 3392 quidem
895 3330 1030 3393 deprauata
1043 3331 1106 3382 mala
1118 3331 1260 3395 disciplina,
1269 3334 1315 3384 sed
1323 3346 1371 3384 na-

301 3425 357 3467 tura
368 3399 412 3467 sua
424 3435 447 3479 n,
460 3429 535 3480 quam
553 3428 656 3479 prorsus
673 3416 782 3466 alienam
801 3416 922 3468 Tullianae
933 3419 1042 3469 orationi
1053 3432 1157 3478 censeo,
1170 3428 1223 3472 tum
1235 3422 1292 3485 quia
1304 3421 1371 3472 male

300 3514 424 3570 concepta
443 3512 493 3567 est,
507 3512 560 3556 tum
572 3506 640 3569 quod
652 3506 756 3556 omnino
768 3518 925 3568 supervacua
938 3506 986 3557 boc
998 3507 1056 3559 loco
1068 3507 1178 3571 uidetur,
1190 3511 1232 3559 cui
1244 3510 1306 3559 nibil
1318 3511 1368 3561 de-

298 3595 333 3645 sit
351 3595 392 3645 itla
411 3594 519 3645 sublata.
537 3594 597 3655 Quae
613 3594 665 3657 jam
684 3594 794 3644 vidimus
810 3596 954 3657 spuriarum
971 3598 1156 3648 sententiarum
1174 3600 1300 3663 exempla,
1313 3613 1370 3663 quae

300 3691 387 3746 postea
407 3682 567 3744 ridebimus,
579 3682 766 3734 dubitationem
784 3692 896 3734 nostram
914 3697 1018 3735 morere
1029 3684 1136 3745 debent,
1148 3686 1182 3736 ita
1195 3693 1222 3737 ut
1233 3699 1369 3738 careamus

298 3773 379 3824 Tullio
392 3772 506 3823 tribuere
525 3784 582 3837 quae
598 3784 726 3836 nunquam
738 3771 851 3835 scripsit.
863 3798 895 3810 —
906 3772 920 3837 ᾖ
932 3773 972 3823 et.
985 3774 1103 3824 Nonnulli
1119 3776 1223 3826 codices
1234 3789 1283 3826 uec
1294 3777 1368 3827 dete-

299 3862 381 3912 riores
391 3861 512 3913 omittunt
523 3860 600 3911 uerba
615 3873 685 3911 mon
699 3858 899 3919 valetudinem»,
911 3873 967 3925 quae
979 3859 1053 3911 lacile
1065 3862 1156 3913 abesse
1169 3871 1282 3925 possunt.
1296 3890 1326 3901 -
1338 3864 1368 3929 §5

298 3947 380 3999 etse.
398 3949 587 3999 Sententiarum
607 3947 689 3998 series
708 3947 800 3997 mirum
819 3947 846 3996 in
859 3947 962 3997 modum
975 3948 1001 3997 ln
1015 3948 1064 3999 tine
1076 3949 1153 4012 hujus
1164 3951 1255 4014 captus
1267 3953 1366 4003 turbata

299 4033 356 4097 tuit,
376 4049 450 4099 quam
470 4037 533 4087 mibi
552 4036 695 4087 restituisse
713 4035 802 4086 uideor
818 4036 914 4100 duplici
931 4038 1144 4099 transpositione:
1158 4040 1183 4101 a)
1194 4041 1255 4092 Post
1274 4053 1366 4091 nomen

298 4123 412 4184 iliodori,
424 4130 484 4174 ante
503 4124 580 4175 rerba
605 4136 679 4174 «una
697 4123 839 4187 simplex»,
859 4123 1008 4173 transieram
1027 4137 1057 4175 ea
1074 4140 1130 4189 qtrae
1141 4140 1217 4192 supra
1233 4128 1365 4192 leguntur:

298 4228 311 4254 a
320 4210 433 4273 Callipho
445 4211 476 4260 ad
490 4211 608 4262 uirtutem
629 4211 691 4262 nihil
707 4211 823 4262 adiunxit
836 4210 885 4261 nisi
897 4211 1061 4274 uoluptatem,
1080 4213 1205 4266 Diodorus
1217 4217 1366 4267 vacuitatem

296 4297 392 4349 doloris
400 4318 423 4361 n,
436 4312 493 4363 quae
503 4299 586 4350 alieno
598 4311 703 4362 prorsus
714 4299 771 4349 loco
783 4299 878 4349 inserta
890 4306 958 4358 sunt,
966 4301 1054 4353 neseio
1067 4315 1117 4366 quo
1129 4316 1197 4354 casu.
1213 4304 1235 4367 t)
1248 4306 1311 4355 lum
1323 4307 1366 4355 ad·
