3325 5159
298 573 333 628 5l
524 574 566 630 Itu
581 585 694 629 sturnus
707 584 845 628 uouonuu
859 572 892 641 lt,
907 585 1019 641 arr-xxi,
1034 572 1128 629 fri-59.

299 725 364 769 taur,
383 712 451 775 quod
468 710 572 760 verbnm
582 708 634 773 jam
646 722 721 772 supra
741 710 851 772 legitur;
868 723 917 773 ego
929 709 1013 759 malim
1024 710 1174 773 perficimus.
1193 710 1231 759 Gt.
1249 711 1314 773 §tu
1326 738 1355 747 -

299 802 325 863 ἐξ
336 800 420 849 blais).
433 800 540 862 begam,
556 807 659 849 auctore
671 798 807 861 Madvigiu,
829 798 873 861 qui
886 805 969 848 tannen
982 798 1044 846 nilril
1056 804 1152 847 mutat:
1173 819 1183 841 κ
1198 798 1273 857 Quid,
1289 799 1355 861 quod

299 889 370 937 fictas
382 887 487 949 tabulas,
500 894 549 937 etc.
566 907 576 929 ι
599 886 764 950 «quidquod
778 885 894 936 colurnus
909 906 936 942 ι,
955 900 1000 949 pro
1014 907 1023 928 «
1038 887 1198 949 quid,?cu1n
1210 905 1233 934 u.
1252 885 1322 948 Quod
1332 894 1356 936 et

299 990 384 1040 quurn,
396 988 441 1026 seu
454 990 519 1033 curn,
536 975 676 1038 saepissime
689 983 873 1038 permutantur.
886 1003 916 1012 —
927 976 940 1038 t
951 976 991 1026 53.
1004 975 1102 1038 Sequor
1110 976 1259 1025 Lambinum
1272 976 1356 1037 legen·

300 1074 367 1115 tem:
387 1086 396 1107 ι
410 1065 504 1115 cultum
516 1071 560 1113 aut
572 1072 719 1127 apparatum
732 1084 754 1125 u,
767 1066 800 1116 ad
813 1065 941 1115 uitandum
955 1059 1024 1123 ἅπαξ
1043 1058 1168 1134 λεγόμενον
1182 1071 1311 1130 puratum.
1327 1092 1356 1102 -

297 1156 361 1218 §5u
375 1157 506 1207 Editorum
520 1157 633 1220 plerique
644 1164 781 1207 senscrunt
790 1156 866 1206 verba
878 1169 934 1219 quae
946 1156 972 1205 in
984 1156 1117 1207 codicibus
1128 1158 1262 1221 legunturr
1279 1170 1356 1206 «cum

296 1256 325 1293 se
337 1244 400 1294 tucis
411 1245 492 1307 magis
507 1258 581 1307 qnam
594 1244 711 1295 utilitatis
722 1244 852 1294 desiderio
872 1244 969 1294 moveri
987 1246 1085 1296 diceret
1099 1266 1109 1288 ι
1128 1246 1262 1308 scriptoris
1279 1245 1358 1296 menti

297 1346 347 1383 nou
366 1332 538 1394 respondere;
562 1334 603 1382 rix
627 1334 695 1383 enim
713 1334 807 1396 opponi
828 1341 935 1395 possunt
953 1335 1030 1384 rerba
1051 1335 1095 1384 lua
1113 1342 1140 1384 et
1159 1334 1270 1390 utilitas,·
1296 1334 1356 1397 quid

298 1419 364 1469 valet
386 1420 528 1470 «utilitatis
546 1420 720 1472 desiderium?
742 1422 791 1471 rllii
808 1422 857 1471 alia
875 1421 1034 1485 conjiciunt:
1055 1423 1174 1487 equidem
1192 1423 1301 1473 Tullium
1320 1424 1356 1473 sic

298 1508 432 1570 scripsisse
443 1508 575 1571 suspicor:
594 1530 604 1552 ι
619 1510 699 1571 Quum
711 1523 739 1560 se
752 1511 830 1559 animi
842 1512 922 1575 magis
932 1524 1007 1575 quam
1019 1512 1136 1563 utilitatis
1147 1525 1222 1561 cuum
1232 1512 1298 1561 lucis
1309 1512 1356 1561 de-

297 1596 394 1647 siderio
405 1598 502 1647 moveri
514 1599 620 1649 diceret.
632 1619 641 1641 ι
659 1601 736 1649 'lacet
749 1600 873 1650 Baiterus

327 1687 383 1747 llll,
408 1687 422 1752 ᾖ
445 1688 484 1737 55.
513 1688 653 1752 Madvigius
675 1697 766 1740 censet
787 1690 923 1740 dicendum
946 1690 1025 1741 tuisse
1041 1699 1085 1741 aut
1096 1705 1213 1741 cum....
1233 1691 1358 1740 arbitren-

298 1782 348 1836 tur,
360 1785 403 1827 aut
414 1778 523 1841 quod...
532 1778 699 1833 arbitrarium
712 1779 830 1841 equidem
843 1778 942 1842 legam:
955 1780 1011 1843 quic
1021 1814 1028 1828 .
1038 1816 1044 1827 .
1055 1816 1075 1827 ..
1088 1779 1252 1828 arbitrantur.
1261 1804 1284 1815 -
1294 1779 1306 1841 ᾖ
1317 1780 1357 1829 56.

298 1866 389 1916 Bakius
403 1867 498 1928 (schol.
511 1868 634 1931 llypomn.
655 1868 682 1925 V,
696 1881 752 1932 pag.
767 1869 806 1931 15)
825 1876 910 1918 tuetur
922 1870 1058 1919 lectionem
1069 1869 1170 1931 segnitie
1187 1877 1276 1919 contra
1289 1869 1358 1918 blad-

298 1957 348 2019 rlg.
361 1956 404 2019 qui
417 1956 526 2018 praetulit
537 1956 661 2019 acquitiu;
678 1957 715 2005 sic
731 1957 835 2019 scripsit
854 1958 946 2008 Baiter.
959 1986 989 1995 —
1001 1955 1016 2019 ὃ
1026 1959 1065 2007 57.
1080 1957 1226 2021 legendum
1250 1957 1357 2020 opinor:

300 2069 310 2089 «
323 2045 440 2096 tamenin
455 2045 599 2108 quaerendis
610 2059 694 2093 rerum
706 2046 913 2110 explicandisque
924 2047 1021 2097 naturis
1032 2055 1119 2097 arares
1131 2053 1264 2097 conterere
1278 2047 1359 2097 ridea-

298 2148 355 2184 mus
369 2150 395 2194 ⁰3
407 2134 444 2184 sic
458 2134 548 2184 melius
559 2134 710 2197 intelligitur
721 2148 769 2184 ron
783 2136 888 2186 naturis.

328 2222 392 2282 lllll,
411 2222 422 2283 ἓ
441 2223 480 2271 58.
501 2222 527 2270 ln
547 2223 676 2272 nonnullis
694 2223 826 2273 codicibus
845 2224 955 2287 legitur:
978 2237 1083 2274 «rerum
1104 2225 1260 2287 publicarum
1276 2225 1360 2275 adrni-

298 2310 464 2359 nistratioaut
474 2310 666 2360 administrandi
677 2311 784 2360 scientia
795 2332 818 2373 ι,
830 2312 856 2361 lu
868 2312 925 2361 aliis
943 2334 953 2356 «
967 2312 1161 2363 administrandi
1171 2313 1321 2377 sciendique
1332 2328 1359 2374 ις

298 2399 414 2461 suspicor
437 2400 542 2449 verbum
564 2400 752 2449 administrandi
775 2407 859 2450 ortum
884 2414 943 2451 esse
970 2414 1002 2451 en
1025 2414 1081 2451 voc.
1105 2402 1226 2458 scientio:
1252 2403 1359 2453 verbum

298 2489 435 2554 intendique
461 2490 607 2540 mutandum
632 2503 690 2540 esse
715 2490 916 2555 invidendique,
943 2497 970 2541 et
995 2491 1148 2540 sententiam
1166 2490 1203 2541 sic
1231 2492 1357 2542 edendam

300 2591 358 2627 esse
372 2594 379 2627 :
398 2598 410 2621 ι
424 2579 518 2629 deinde
531 2592 615 2629 rerum
628 2580 784 2642 publicarum
796 2579 982 2629 administratio
991 2579 1142 2643 vivendique
1152 2581 1296 2643 prudens..
1307 2616 1312 2630 .

299 2665 482 2721 instantio».
507 2669 617 2718 llattlriae
635 2676 721 2718 serrat
740 2681 817 2718 voces
837 2668 1024 2718 administrandi
1046 2669 1162 2725 scientio,
1178 2676 1205 2719 at
1224 2670 1361 2734 legendum

300 2764 389 2807 censet
402 2772 408 2805 ι
419 2775 439 2800 r
453 2757 604 2820 vivendique
617 2757 738 2819 prudens,
755 2763 806 2806 etc.
821 2774 833 2801 ι
845 2784 876 2792 ——
888 2755 998 2806 incisum
1011 2772 1017 2804 ι
1031 2775 1044 2802 ι
1059 2770 1105 2807 nec
1117 2758 1174 2808 sine
1185 2770 1260 2808 causa
1275 2778 1285 2801 ι
1300 2759 1361 2809 alie·

300 2860 360 2895 num
372 2847 455 2896 locurn
466 2858 592 2909 occupare
604 2845 714 2904 ridetur,
726 2852 753 2895 et
764 2845 969 2895 transferendum
981 2852 1039 2908 post
1051 2846 1156 2895 terbum
1169 2846 1321 2896 deducimur.
1329 2875 1360 2883 -

303 2935 395 2997 Legam
409 2950 415 2982 z
434 2934 534 2984 uirtutis
546 2938 629 2984 autem
640 2934 772 2998 beataeque
785 2933 842 2983 ritae
856 2948 885 2994 »ς
901 2941 991 2997 quater
1002 2934 1126 2996 repetitur
1138 2935 1217 2993 enim,
1229 2935 1296 2997 quod
1310 2948 1360 2986 non

301 3026 357 3073 sine
369 3023 429 3074 vitio
441 3031 490 3073 est.
501 3039 533 3062 —
544 3023 700 3074 Vocabulum
718 3024 850 3073 commodis
867 3024 899 3074 de
911 3037 962 3087 quo
973 3023 1110 3086 ambigitur
1128 3024 1246 3074 omittere
1260 3024 1359 3084 malim3

300 3113 395 3163 etenim
407 3115 500 3176 saepius
512 3114 604 3178 legitur
613 3115 695 3177 primu
707 3118 816 3163 nutura.
827 3141 858 3149 —
875 3113 890 3177 ᾗ
900 3113 940 3163 59.
953 3113 1036 3162 illinus
1047 3113 1184 3176 diligenter
1195 3113 1292 3163 Tullius
1303 3126 1362 3163 sen-

302 3202 406 3252 tentiam
418 3202 565 3251 exhibuisse
578 3201 694 3251 hocloco
706 3201 806 3251 ridetur
819 3215 826 3248 ε
846 3221 856 3242 ι
871 3200 987 3249 Animum
1006 3206 1091 3249 autem
1109 3199 1214 3263 reliquis
1230 3199 1309 3250 rebus
1325 3200 1360 3250 ita

302 3290 418 3354 perfecit,
432 3296 459 3339 ιιι
470 3303 563 3352 corpus
576 3306 583 3337 ι
599 3289 718 3339 sensibus
730 3289 798 3338 enirn
810 3289 910 3338 ornarit
922 3290 953 3339 ad
966 3302 1007 3338 res
1020 3288 1195 3351 percipiendas
1206 3289 1316 3352 idoneis,
1333 3296 1362 3340 ut

301 3378 363 3428 nibil
376 3385 480 3428 autnon
493 3378 599 3427 intritum
610 3378 756 3428 adiumento
769 3377 820 3427 ullo
837 3378 869 3428 ad
882 3390 952 3427 suam
964 3378 1182 3428 confirmationem
1196 3378 1324 3442 indigeret
1337 3397 1361 3429 n.

302 3466 380 3526 Quam
400 3466 580 3530 negligentiam
593 3466 702 3516 librariis
716 3466 815 3528 tribuo,
835 3466 878 3529 qui
892 3466 933 3516 lric
951 3474 979 3516 ιιι
990 3467 1068 3525 alibi,
1084 3480 1139 3530 quae
1150 3474 1239 3517 auctor
1250 3466 1362 3531 disjungi

302 3554 413 3615 uolebat,
426 3555 598 3613 miscuerunt;
616 3555 686 3617 prius
697 3555 779 3615 enim,
798 3555 897 3618 opinor,
914 3556 1072 3618 scripserat:
1092 3578 1102 3598 ι
1115 3556 1226 3605 animum
1237 3562 1322 3606 autern
1334 3556 1362 3605 in

302 3643 407 3707 reliquis
427 3643 505 3693 rebus
522 3643 555 3692 ita
575 3643 681 3705 perfecit
698 3650 725 3692 ιιι
742 3656 854 3705 corpus,
870 3644 989 3693 sensibus
1005 3644 1074 3694 enirn
1086 3644 1185 3693 ornavit
1201 3644 1233 3693 ad
1245 3657 1288 3693 res
1300 3656 1362 3706 per-

302 3733 432 3796 cipiendas
451 3731 570 3791 idoneis3
594 3732 661 3795 quod
681 3739 765 3782 autem
784 3739 878 3793 etc.1»;
899 3732 993 3783 deinde
1016 3733 1156 3783 orationem
1175 3733 1212 3782 sic
1235 3732 1360 3783 mutarit:

304 3846 314 3866 ι
330 3823 446 3873 Animum
457 3829 543 3872 autern
555 3822 588 3871 ita
601 3820 723 3884 perfecit,
743 3829 770 3870 ut
782 3822 845 3870 nilril
861 3828 904 3870 aut
917 3836 966 3872 non
978 3822 1084 3871 multum
1096 3822 1241 3872 adiumento
1260 3820 1311 3870 ullo
1329 3821 1361 3871 ad

302 3925 373 3961 suam
385 3910 602 3961 confirmationem
610 3910 754 3973 indigeret,
767 3911 887 3960 sensibus
895 3911 962 3959 enim
976 3911 1075 3960 ornarit
1087 3911 1117 3960 ad
1131 3924 1173 3960 res
1185 3910 1363 3972 percipiendas

235 3998 265 4070 ⁸.
301 4001 417 4061 idoneis;
434 4002 502 4064 quod
513 3999 831 4057 autcm‚etc.»-Voces
852 4001 931 4049 «sinc
944 4000 1083 4050 doctriua»
1102 3999 1163 4048 milri
1177 3999 1307 4049 abundare
1320 4000 1361 4048 ri·
1406 4019 1409 4026 ·

301 4092 403 4150 dentur,
416 4104 463 4139 nec
477 4103 551 4153 posse
563 4089 670 4145 serrari,
682 4089 800 4153 quoniam
813 4089 907 4151 legitur
921 4111 930 4131 ι
945 4089 1017 4152 quasi
1029 4088 1139 4138 instituit
1150 4088 1244 4139 docere
1254 4109 1275 4137 ι.
1294 4089 1363 4138 Pne-

214 4242 218 4250 Ι
303 4187 372 4228 terea
386 4179 505 4240 particula
518 4178 656 4241 etsiposcit
666 4178 869 4240 oppositionem,
886 4190 964 4227 voces
982 4178 1008 4225 iu
1021 4192 1049 4226 cu
1062 4190 1111 4227 non
1128 4176 1201 4227 tacite
1213 4177 1362 4240 intelligun-

304 4275 360 4326 tur;
377 4268 481 4317 sednon
493 4267 559 4316 bene
574 4266 711 4329 respondet
726 4265 901 4325 conclusioni;
918 4279 980 4329 ergo
997 4265 1133 4329 legendum
1150 4265 1260 4328 opinor:
1278 4269 1304 4313 ut
1319 4264 1362 4313 in-

303 4359 374 4410 duxit
392 4374 421 4409 eu
439 4371 494 4422 quae
511 4358 626 4419 inerant,
644 4365 769 4420 tamquam
788 4358 914 4407 elementa
933 4356 1050 4418 uirtutis,
1072 4357 1153 4420 itaque
1170 4357 1288 4406 virtutem
1307 4357 1361 4418 ipsa
