3325 5159
301 601 334 655 lb
451 599 687 656 Tuscumrrnuu
703 611 933 656 nrsrumrrosou
949 600 981 669 V,
996 613 1102 672 ιιι-ιιι,
1118 601 1216 660 atus.

332 735 377 791 xl,
394 735 456 798 533.
474 736 591 785 Alienum
608 748 622 785 a
642 735 716 785 solita
736 736 868 786 Ciceronis
886 736 1069 799 perspicuitate
1088 737 1181 800 opinor
1198 739 1307 789 verbum
1322 754 1367 804 po·

300 828 367 873 neret
385 824 441 873 sine
458 823 585 885 subjecto,
602 824 669 887 quod
690 836 739 873 non
759 822 832 872 laeile
852 823 960 887 intelligi
980 832 1082 887 potest;
1098 826 1185 890 itaque
1202 839 1262 876 cum
1277 826 1367 877 Orellio

299 910 381 975 legam
398 917 540 974 poneretur.

330 998 389 1056 xit,
407 1000 419 1061 5
437 998 476 1048 36.
499 998 632 1049 Geminam
651 998 767 1062 ejusdem
787 999 923 1049 sententiae
940 1000 1147 1051 enunciationem
1167 1001 1210 1051 bie
1230 1002 1368 1052 babemus:

299 1082 410 1132 Platonis
430 1083 506 1132 verba
526 1082 636 1144 (diener.
658 1097 683 1145 p.
696 1082 743 1133 its
758 1085 801 1144 Α.)
816 1083 858 1134 καὶ
872 1084 905 1155 μὴ
925 1081 949 1133 ἒν
963 1080 1042 1144 ὓλοις
1055 1084 1191 1157 ἀνθρώποις
1205 1084 1369 1159 αἰωριῑταιέξ

298 1172 331 1229 ὧν
348 1174 364 1235 ἦ
385 1170 442 1235 afri
463 1183 542 1238 κακῶς
558 1177 704 1250 πραξάντων
721 1177 859 1230 πλανᾶσθαι
879 1178 1034 1250 ἠνάγκασται
1054 1182 1095 1231 καὶ
1120 1180 1243 1243 τάκιίνου,
1275 1182 1369 1260 Tullius

297 1266 335 1316 sic
353 1265 425 1328 prius
444 1271 556 1315 verterat
572 1281 579 1313 :
610 1286 620 1309 ι
640 1278 688 1315 nec
707 1278 830 1328 suspensa
850 1266 957 1315 aliorum
977 1274 1021 1316 aut
1041 1266 1109 1317 bono
1127 1280 1188 1317 casu
1206 1275 1252 1318 aut
1270 1278 1369 1319 conua-

299 1355 338 1404 rio
352 1373 365 1399 ν
388 1353 457 1416 quod
475 1354 649 1417 respondebat
667 1354 753 1404 verbis
778 1376 788 1397 ι
807 1363 865 1417 apta
885 1361 945 1405 sunt
963 1370 999 1414 νς
1022 1355 1118 1407 deinde
1141 1356 1231 1407 maluit
1256 1358 1294 1408 sic
1313 1371 1370 1409 rer·

300 1448 375 1492 tere:
393 1459 406 1485 «
420 1453 467 1490 nec
485 1442 598 1503 pendere
615 1454 646 1491 ex
658 1441 765 1491 alterius
777 1442 879 1491 eventis
895 1448 921 1491 et
940 1454 1026 1492 errare
1039 1450 1166 1506 eogrrmur
1181 1462 1204 1506 ν,
1221 1446 1291 1507 quod
1304 1459 1371 1509 grar-

297 1541 354 1579 cam
366 1530 508 1580 orationem
521 1529 633 1592 pressius
644 1531 780 1592 exprimit:
797 1530 844 1580 sed
860 1529 982 1580 alterutra
1001 1530 1081 1582 torma
1100 1531 1242 1582 omittenda
1254 1539 1310 1592 est,
1328 1534 1367 1582 ria

298 1620 367 1669 enim
390 1626 465 1682 putes
483 1619 591 1669 Tullium¹
611 1619 708 1671 dixisse
732 1618 876 1681 «pendere
895 1626 1023 1682 coguntur
1039 1640 1067 1676 ι,
1099 1626 1234 1683 postquam
1253 1620 1370 1672 dixerat:

299 1719 447 1770 «suspensa
458 1714 518 1757 sunt
532 1722 558 1767 ¹⁰3
578 1720 633 1757 -ex
650 1706 756 1756 alterius
773 1707 874 1756 eventis
889 1728 917 1766 ι,
935 1713 993 1768 post
1011 1728 1020 1748 ·
1035 1706 1144 1757 aliorum
1161 1715 1206 1758 aut
1224 1707 1295 1759 bono
1312 1721 1370 1759 casu

302 1803 346 1846 aut
362 1797 526 1847 contrario».

330 1884 398 1941 xiil,
414 1884 479 1947 §39-
496 1883 608 1934 Orellius
619 1883 729 1933 malebat
741 1888 846 1932 enecetur
857 1896 933 1947 quam
945 1886 1089 1942 conaretur,
1106 1884 1203 1934 etenim
1226 1884 1371 1949 imperfecti

299 1985 350 2023 non
362 1972 433 2022 locus
444 1978 499 2030 est3
516 1971 636 2035 equidem
649 1972 785 2034 legendum
798 1972 890 2035 opinor
902 1970 1053 2029 obscuretur,
1074 1972 1133 2036 quia
1154 1972 1262 2023 verbum
1280 1986 1371 2023 oerore

301 2060 400 2123 plenam
411 2060 545 2123 caliginem
558 2059 667 2123 indicat,
685 2061 752 2123 quod
765 2060 830 2110 ultra
843 2061 973 2111 Ciceronis
985 2068 1098 2111 mentem
1111 2061 1222 2111 ridetur.

331 2148 394 2209 xlv,
413 2148 475 2210 §ld
493 2148 591 2210 Aptlori
604 2147 660 2199 loco
673 2148 802 2211 legeretur
819 2149 926 2200 Laconis
945 2150 1006 2199 dicti
1022 2150 1119 2200 mentio
1137 2150 1211 2213 paulo
1227 2148 1294 2200 inira
1314 2156 1369 2213 post

302 2237 400 2287 verba:
426 2238 472 2286 ·si
490 2237 515 2286 id
534 2237 613 2299 possit
631 2236 756 2297 amitti»,
773 2249 849 2300 quam
867 2245 925 2301 post
940 2238 1072 2289 «istorum
1087 2246 1129 2289 est
1141 2222 1169 2298 νς
1187 2237 1225 2288 sie
1245 2237 1369 2289 orationis

301 2336 392 2373 cursus
404 2336 453 2373 oon
467 2330 637 2386 rumperetur,
654 2330 680 2372 et
692 2324 836 2386 exemplum
849 2324 880 2374 ad
897 2336 971 2388 quam
985 2324 1096 2375 retertur
1106 2324 1262 2374 seutentiam
1274 2336 1368 2389 seque·

302 2419 381 2461 retur.
400 2411 493 2475 begam
505 2411 634 2461 subinde:
653 2433 663 2453 ι
678 2413 732 2461 lom
743 2412 787 2476 qui
799 2411 899 2461 timebit
914 2431 942 2469 ν,
957 2425 1002 2475 pro
1015 2412 1089 2463 Nom.
1098 2413 1153 2475 -ξ
1168 2416 1208 2461 tl.
1224 2412 1290 2463 Voc.
1303 2413 1372 2463 iuer·

299 2500 459 2564 prepuobtlem
476 2513 532 2549 cum
551 2499 608 2549 allis
623 2500 757 2563 adjectivis
774 2514 824 2551 non
837 2500 971 2557 convenit,
992 2513 1038 2550 uec
1050 2500 1166 2564 gradatio
1179 2512 1275 2550 sensus
1288 2500 1374 2551 obser·

303 2596 382 2638 ratur.
407 2588 497 2637 Melius
516 2588 542 2637 io
558 2590 616 2638 cod.
630 2588 695 2638 bled.
714 2587 829 2651 legitur:
849 2608 858 2631 ν
873 2588 1098 2651 inexpugnabilem
1115 2600 1218 2651 semper
1233 2596 1313 2652 atque
1332 2588 1372 2638 iu-

302 2677 395 2726 rictum
410 2696 438 2737 ν,
456 2689 511 2738 quae
529 2675 604 2725 lectIo
624 2676 724 2726 llarisio
743 2690 792 2726 non
808 2676 968 2739 displicebat.
985 2677 1054 2726 -Sl
1066 2676 1164 2727 lollius
1182 2689 1233 2726 non
1250 2676 1371 2740 scripsit:

304 2783 316 2807 a
330 2777 417 2826 piarum
430 2759 520 2813 metuit
534 2783 559 2825 ν,
578 2777 626 2813 nec
636 2777 714 2827 porro
731 2776 778 2814 nec
796 2777 878 2827 pauca
895 2764 1071 2824 satisfaciuut3
1088 2764 1174 2814 malim
1191 2764 1309 2827 paudum
1327 2777 1371 2815 seu

301 2852 441 2914 paululum,
454 2853 521 2917 qrrod
534 2853 671 2915 respondet
689 2852 747 2902 adr.
765 2853 859 2902 leuiter.
872 2880 902 2889 -
916 2850 980 2913 §tn
998 2853 1051 2902 Nisi
1067 2853 1157 2915 legas:
1175 2871 1188 2897 r
1202 2855 1239 2901 lin
1257 2852 1373 2903 rlLace·

304 2943 422 2993 daemonii
436 2963 464 3005 ν,
482 2943 607 2993 claudicat
619 2943 716 3003 oratio;
732 2943 825 2993 abesse
838 2950 921 3005 potest
939 2942 1038 2993 facilius
1049 2956 1099 3003 on,
1116 2942 1184 3006 quod
1198 2941 1308 2993 tortasse
1320 2955 1375 3006 par·

306 3033 406 3083 ticulam
425 3034 447 3081 si
465 3033 601 3096 absorpsit.
615 3058 645 3067 -
657 3032 810 3082 moriuntur
831 3030 904 3081 lieret
922 3031 1017 3093 oratio,
1033 3032 1059 3080 oi
1076 3030 1160 3093 latior,
1182 3031 1205 3081 si
1220 3030 1373 3095 legeretur:

308 3145 316 3165 ·
331 3138 404 3187 quem
416 3123 581 3186 temperantia
596 3127 674 3172 tuma
688 3122 794 3172 libidine
807 3128 908 3180 avocet,
925 3128 979 3171 tum
992 3121 1112 3172 insolenti
1123 3120 1255 3171 alacritate
1271 3129 1375 3185 gestare

305 3226 354 3262 non
363 3212 438 3261 sinat.
448 3232 460 3255 ν
477 3211 618 3261 Restituam
632 3214 684 3259 tum
697 3223 742 3272 pro
759 3224 815 3259 cum
835 3217 894 3273 post
912 3212 1088 3273 temperentia,
1106 3209 1227 3272 quianon
1240 3209 1374 3261 simulsed

305 3300 432 3349 interdum
445 3298 534 3356 libido,
547 3298 675 3348 interdum
687 3297 805 3349 alacritas
817 3298 935 3348 homines
947 3298 1076 3348 sollicitat.

336 3387 387 3447 liv,
405 3386 470 3451 543.
490 3387 578 3449 aptius
589 3385 652 3435 milri
667 3386 766 3436 ridetur
786 3387 871 3451 iraque
888 3398 964 3451 quam
976 3391 1059 3450 atque,
1080 3385 1106 3434 io
1127 3384 1253 3449 principio
1270 3385 1301 3449 §i
1317 3398 1375 3450 quae

307 3474 502 3535 conjunctiones
513 3485 702 3536 nonnumquam
715 3480 900 3535 permutantur.
915 3473 982 3523 ldem
995 3473 1046 3523 diei
1064 3479 1148 3535 potest
1159 3473 1172 3535 t
1183 3472 1224 3523 53.
1236 3500 1267 3511 —
1279 3472 1375 3537 begam

308 3563 434 3616 orianum.
448 3576 494 3625 pro
506 3562 642 3619 miserium,
656 3569 684 3610 ut
695 3562 707 3624 5
718 3562 759 3611 tt.

338 3649 404 3709 xvt,
428 3650 496 3712 548.
524 3651 583 3700 Post
604 3656 641 3699 tot
659 3650 793 3699 doctorum
815 3650 926 3700 virorum
947 3649 1109 3712 conjecturas
1128 3661 1209 3699 meam
1230 3662 1375 3713 proponere

307 3742 391 3800 liceat,
408 3739 511 3803 legam:
529 3740 610 3789 «sine
628 3745 712 3801 metu,
730 3740 787 3789 sine
803 3740 970 3803 egritudine,
988 3740 1057 3788 iorni
1074 3739 1129 3790 sine
1145 3738 1276 3789 alacritate
1296 3739 1374 3802 (conl.

310 3829 348 3890 lV,
365 3829 414 3887 36),
432 3829 480 3877 ulla
499 3828 556 3878 sine
576 3828 682 3878 libidine
702 3841 785 3877 nonne
806 3827 916 3877 beatus?
930 3846 952 3876 ν.
978 3828 1032 3878 Non
1060 3833 1143 3889 potest
1154 3826 1269 3876 damnari
1281 3826 1376 3890 quaeris

309 3919 441 3976 alacritas;
458 3917 529 3968 innui
546 3918 649 3967 evanuit
665 3917 697 3967 ub
715 3916 887 3979 proximarum
904 3916 1057 3980 syllabarum
1074 3914 1276 3967 similitudinem.

340 4008 414 4069 livii,
432 4006 446 4071 5
458 4008 497 4057 50.
516 4007 614 4056 Abesse
627 4012 712 4069 polest
728 4005 812 4061 vllam,
830 4018 878 4055 seu
890 4011 947 4067 post
960 4004 1086 4065 utiterum,
1098 4016 1144 4053 seu
1158 4010 1216 4066 post
1227 4003 1334 4053 beclem.
1349 4030 1373 4041 -

310 4095 323 4158 5
334 4096 373 4144 51.
393 4096 482 4146 Merito
493 4095 588 4145 delevit
600 4094 694 4144 Baiter.
708 4093 812 4150 loomm,
825 4094 893 4143 inter
907 4107 945 4142 vr.
955 4093 1025 4142 illum
1038 4099 1064 4142 et
1074 4097 1159 4156 putet,·
1175 4092 1250 4143 codd.
1264 4092 1374 4143 babent:

311 4202 320 4223 ι
335 4181 403 4230 illam
415 4181 475 4232 boui
487 4182 594 4233 lancem.
610 4202 620 4224 ν
634 4208 664 4217 -
676 4182 706 4231 li.
720 4180 738 4230 l.
750 4194 852 4244 quoque
868 4181 1005 4244 legendum
1026 4192 1138 4243 censeo,
1156 4186 1183 4230 ut
1195 4180 1250 4229 Fiu.
1264 4180 1293 4228 V,
1309 4179 1375 4245 592,

311 4270 445 4332 depromet,
463 4283 509 4332 pro
521 4270 647 4332 deprimet.
665 4267 737 4319 Conl.
750 4269 828 4318 dead.
842 4282 881 4331 pr.
894 4269 924 4327 ll,
938 4280 985 4326 xli,
998 4268 1039 4317 38.

342 4355 408 4415 xlx,
425 4357 486 4419 555.
506 4356 609 4420 Baiter,
621 4364 741 4407 monente
756 4356 841 4417 Balio,
856 4369 911 4406 roc.
925 4357 1033 4407 consults
1045 4356 1161 4410 seclusit.
1194 4420 1196 4425 Ι
