3325 5159
299 552 333 607 66
432 552 666 609 inscumuiunn
681 563 912 609 nrsrnmuounu
926 553 967 623 11,
983 564 1118 623 xvnuuu,
1133 552 1230 612 as-te.

298 689 402 753 siquid,
420 696 471 740 etc.
486 708 497 731 ·
515 689 611 739 omisso
623 690 706 752 ipitor,
723 690 809 753 quod,
822 690 864 739 hic
877 690 1003 748 alienum,
1021 690 1093 741 fluxit
1105 704 1120 741 e
1133 703 1209 741 versu
1220 691 1364 754 superiore.

297 805 327 814 —
339 777 353 840 5
364 778 404 827 33.
422 778 467 828 Vix
485 779 577 829 abesse
597 786 681 841 potest
699 792 840 841 pronomen
859 784 893 837 te,
912 780 980 829 inter
990 782 1059 842 polea
1078 786 1104 830 ct
1117 780 1214 834 dicere.
1229 781 1299 844 quod
1318 782 1366 832 ad·

297 866 408 915 dendum
426 879 484 915 esse
501 866 624 916 censebat
636 866 765 916 Bentleius
780 874 806 916 et
823 872 880 929 post
896 880 955 917 eum
975 867 1058 917 baris,
1071 867 1196 930 etWoll.,
1214 868 1238 918 si
1250 877 1365 919 servetur

299 958 341 1003 eut
353 961 411 1004 aute
424 954 596 1004 Philoctetam.

327 1042 378 1102 XV,
392 1042 456 1104 535.
473 1042 581 1092 Codices
593 1042 688 1091 babent
701 1041 741 1091 vel
755 1041 884 1097 Groecutli,
907 1041 946 1091 vol
961 1042 1039 1094 Graeci
1052 1042 1103 1101 illi,
1118 1043 1186 1093 unde
1200 1042 1318 1093 Baitcrns
1329 1044 1364 1094 le-

297 1131 409 1193 gendnm
427 1143 485 1179 esse
502 1128 605 1191 conjicit
627 1129 746 1185 Groecuti,
765 1130 861 1179 omisso
881 1130 934 1185 ott·
951 1136 976 1179 at
990 1143 1080 1180 vereor
1096 1136 1124 1179 nt
1137 1144 1185 1179 vox
1206 1130 1315 1181 Groeoati
1329 1132 1365 1180 sic

297 1217 413 1279 usurpari
425 1217 506 1279 possit
517 1216 572 1266 sine
586 1217 636 1266 ullo
648 1217 750 1266 nominc
762 1218 793 1267 ad
805 1218 875 1279 qnod
887 1216 1025 1275 reseratum
1044 1230 1092 1269 nec
1105 1218 1178 1267 l'acile
1190 1230 1293 1267 caream
1306 1231 1365 1279 pro·

297 1306 400 1357 nomine
412 1305 450 1354 itti
460 1311 519 1355 ante
532 1320 647 1368 quorum.
656 1333 686 1341 -
699 1305 759 1369 §36-
770 1305 903 1355 llaeserunt
913 1304 994 1356 critici
1003 1306 1027 1354 iu
1041 1306 1127 1355 verbis
1141 1328 1150 1349 α
1164 1319 1241 1369 quam
1252 1305 1365 1369 fertilitas

297 1395 405 1444 barbara
418 1409 448 1453 »ς
465 1394 595 1444 Bentleius
607 1393 710 1455 conjicit
720 1393 835 1454 futiliter,
851 1395 985 1452 Buberius,
1004 1395 1133 1450 imeritus.-
1150 1395 1271 1458 equidem
1282 1396 1365 1458 legen·

297 1483 358 1531 dum
370 1482 461 1544 opinor
471 1480 598 1542 ferocitas,
616 1482 690 1531 itaut
707 1482 818 1531 Lacaenae
832 1482 943 1545 virgines
960 1481 1109 1532 tortitudine
1125 1492 1272 1546 comparata
1287 1490 1365 1547 qnam

299 1571 385 1620 inuata
396 1570 477 1633 magis
488 1569 638 1633 glorientur.

329 1659 396 1719 xvi,
416 1658 479 1721 oet.
504 1658 634 1708 Glossema
654 1659 753 1708 videam
774 1659 858 1720 potins
877 1659 903 1707 in
923 1659 1008 1708 verbis
1031 1676 1045 1704 a
1058 1660 1089 1709 ad
1103 1661 1230 1710 modum»
1250 1673 1327 1724 quam
1340 1661 1365 1710 iu

299 1748 405 1800 formula
419 1748 470 1797 «ad
483 1747 570 1797 tibiam
581 1769 601 1805 ·‚
619 1755 646 1797 et
658 1747 752 1796 lactinae
764 1747 865 1809 signum
879 1759 969 1809 ponam
982 1754 1039 1809 post
1052 1747 1157 1797 verbnm
1168 1748 1289 1811 procedit.
1307 1748 1367 1799 For·

299 1844 367 1887 tasse
378 1836 530 1899 legendum:
543 1854 556 1881 a
565 1836 681 1900 quoniam
694 1836 809 1897 procedit
821 1836 848 1883 io
857 1836 935 1884 aciem
945 1836 976 1885 ad
986 1836 1072 1884 tibiam
1084 1836 1286 1898 neoadbibetnr‚
1300 1844 1364 1887 etc.»

301 1952 331 1961 -
342 1925 519 1988 conjecturam
537 1924 622 1973 Woltii
641 1924 770 1987 legentis:
793 1942 805 1966 «
818 1926 881 1972 ocati
898 1924 1027 1973 exercitus
1047 1924 1157 1986 primum
1179 1925 1248 1975 unde
1273 1938 1365 1976 nomen

300 2013 403 2070 babent,
421 2012 493 2062 vides
504 2012 598 2062 deinde
616 2012 659 2075 qui
670 2011 742 2061 labor
759 2017 781 2060 et
795 2019 906 2074 quantus
917 2011 1026 2075 agminis
1041 2032 1051 2054 »
1069 2026 1120 2061 non
1132 2025 1264 2074 spernam,
1280 2013 1365 2064 addito

302 2106 332 2158 et,
346 2108 375 2151 ut
387 2101 488 2151 volebat
501 2100 625 2150 Davisius.

330 2189 404 2247 xvii,
421 2190 484 2253 539.
501 2190 577 2250 Vere,
590 2189 690 2251 opinor,
703 2189 846 2251 legebatur,
864 2204 921 2239 cum
934 2190 1035 2239 bavisio
1047 2197 1074 2239 et
1086 2189 1191 2250 Orellio‚
1210 2207 1223 2235 (ι
1237 2204 1288 2241 non
1302 2192 1366 2255 potis

301 2277 380 2327 colari
392 2296 421 2339 u,
439 2278 557 2341 quoniam
569 2276 676 2326 verbum
688 2276 764 2337 ecfari
777 2285 817 2325 est
828 2277 1003 2336 transitivum3
1016 2278 1090 2339 paulo
1102 2292 1177 2341 supra
1191 2278 1286 2341 legitur
1299 2292 1366 2330 «nou

299 2371 379 2430 potest
397 2366 526 2424 accedi»,
551 2366 608 2428 quia
629 2365 735 2414 verbum
759 2366 841 2415 accedi
863 2365 1022 2415 intransitive
1040 2367 1185 2417 adbibetnr.
1209 2394 1240 2404 -
1262 2368 1365 2418 Verba:

304 2473 316 2496 ι
329 2454 433 2517 quiesce
451 2453 529 2517 igitur
552 2461 578 2502 et
598 2454 688 2502 volnus
710 2454 794 2516 adliga
808 2474 819 2495 »
849 2460 930 2516 poetae
949 2455 1090 2518 relinquam
1113 2470 1171 2505 cum
1194 2456 1319 2508 Bentleio.
1338 2484 1367 2493 —

302 2543 365 2603 ill).
391 2542 545 2592 Vocabulnm
564 2542 743 2591 exercitationis
761 2542 892 2592 abundare
912 2543 975 2591 mibi
996 2543 1107 2593 uidetur.
1123 2570 1153 2579 —-
1165 2544 1370 2596 Perturbationis

301 2632 374 2695 signa
392 2630 525 2681 manifesta
543 2638 603 2680 sunt
620 2631 646 2679 in
665 2631 713 2680 boc
725 2630 751 2691 §,
769 2630 848 2689 uude,
865 2637 893 2679 ut
904 2638 1064 2694 agnoverunt
1075 2632 1172 2693 critici,
1190 2633 1315 2684 orationis
1326 2646 1366 2683 se·

300 2720 353 2769 ries
369 2719 482 2777 laborat,
499 2718 541 2767 cui
561 2718 621 2767 vitio
634 2717 785 2783 medicinam
803 2717 952 2768 adhibuisse
971 2719 1082 2769 arbitror
1095 2718 1292 2780 transferendo,
1307 2728 1367 2771 ante

301 2818 357 2855 voe.
371 2806 485 2864 aniculae,
497 2805 670 2855 seutentiam:
688 2823 700 2849 a
714 2805 906 2855 consuetudinis
918 2820 1007 2871 magna
1022 2808 1059 2857 vis
1070 2814 1126 2857 est:
1146 2814 1369 2870 pernoctant..

301 2907 334 2943 ne
353 2893 525 2957 ingemiscunt
540 2894 643 2958 quidem
658 2908 686 2955 »3
704 2894 740 2944 sic
753 2894 820 2944 bene
833 2896 916 2945 omnia
931 2897 1081 2958 procedunt,
1100 2909 1147 2946 nec
1160 2897 1287 2959 rumpitur
1301 2897 1369 2961 quod

302 2983 334 3031 de
345 2982 449 3032 athletis
459 2989 585 3032 narratur.
594 3009 625 3018 -
637 2982 771 3045 Augustini
782 2983 930 3045 conjectura
946 3004 955 3026 u
966 2985 1027 3034 nudi
1040 2984 1162 3048 pugiles»
1175 2998 1226 3059 uoq
1238 2985 1369 3048 displicet.

300 3096 328 3106 -
345 3069 406 3131 §ab
423 3070 468 3119 Vin
489 3070 615 3135 intelligas
627 3071 755 3134 quomodo
767 3071 939 3135 Olympiorum
954 3073 1057 3122 victoria
1073 3073 1216 3123 consulatui
1237 3086 1370 3138 compare-

301 3166 359 3221 tur;
375 3160 460 3224 itaque
472 3161 623 3210 Ciceronem
635 3160 770 3222 scripsisse
785 3162 912 3223 suspicor,
929 3175 975 3212 seu
990 3178 997 3210 :
1016 3183 1026 3203 «
1041 3162 1212 3225 Olympiorum
1227 3162 1310 3213 victor
1327 3163 1370 3214 ille

301 3248 442 3297 cumulatos
459 3248 570 3297 leodibus
589 3248 628 3296 vel
648 3248 780 3297 ltoooribus
800 3250 901 3300 videtur
915 3264 944 3311 »3
961 3264 1026 3301 seu:
1047 3250 1246 3315 «Olympiorum
1265 3251 1370 3302 victoria

302 3336 417 3385 cumulos
428 3335 471 3385 ille
484 3335 649 3398 amplissimus
663 3335 779 3396 videtur;
796 3337 864 3387 eoul.
876 3340 904 3387 T.
919 3338 947 3387 b.
961 3339 984 3388 l.
1002 3340 1146 3401 §tto-ltu
1164 3352 1231 3389 seu:
1250 3353 1372 3391 «consu-

304 3426 364 3478 toris
382 3424 426 3475 ille
445 3424 582 3487 triumphes
599 3423 699 3473 videtur
712 3438 742 3484 »ς
762 3425 830 3475 cont.
845 3440 890 3489 pro
903 3427 993 3478 Flacco
1006 3430 1017 3491 5
1030 3428 1068 3477 13.
1081 3455 1111 3464 —
1129 3428 1221 3478 Belius
1233 3428 1372 3492 legendum

303 3526 360 3564 esse
383 3520 492 3564 censet:
518 3513 586 3575 «qni
604 3520 734 3576 quaerant,
753 3514 852 3578 siquid
872 3516 951 3567 uelint
965 3538 992 3575 r,
1015 3524 1043 3567 ut
1066 3524 1187 3581 perpetua
1210 3519 1372 3570 consuetudo

305 3600 425 3664 postulat.

334 3690 426 3752 xvlb,
445 3689 457 3752 5
473 3688 514 3739 43.
537 3688 627 3752 Operae
646 3688 756 3752 pretium
775 3693 816 3736 est
835 3686 876 3736 hic
896 3686 1021 3749 insignem
1042 3685 1162 3749 Madvigii
1181 3685 1372 3736 adnotationem

303 3778 464 3843 perscribere
475 3790 532 3841 quae
544 3791 569 3840 p.
581 3777 623 3826 Lll
636 3775 794 3826 Praelatiouis
805 3776 836 3825 ad
850 3775 919 3824 Libr.
932 3775 964 3824 de
977 3774 1032 3823 Fin.
1047 3774 1140 3838 legitur
1157 3788 1162 3821 :
1183 3795 1193 3818 ι
1207 3775 1282 3824 Tusc.
1296 3774 1327 3835 11,
1340 3774 1371 3825 ts

304 3869 354 3919 hoe
366 3868 484 3932 ponitur:
503 3886 515 3910 a
530 3866 600 3929 Quod
614 3880 671 3928 erqo
689 3870 713 3915 et
731 3864 871 3929 postuletur
890 3863 1019 3924 ofertibus
1036 3868 1059 3912 et
1073 3863 1191 3913 laudetur
1203 3877 1277 3928 quom
1289 3864 1327 3926 fil,
1344 3864 1371 3913 id

306 3960 374 4005 «out
391 3957 551 4005 extimescere
571 3954 671 4004 ueniens
689 3956 732 4002 crui
752 3967 802 4002 oea
820 3951 887 4013 terre
903 3964 1022 4015 praeseus
1040 3964 1121 3999 nonne
1140 3954 1211 4015 turpe
1229 3952 1277 4000 sl?
1294 3950 1371 4015 Atqui

305 4043 470 4107 «postulatur
487 4049 514 4092 et
532 4042 648 4092 laudatur
666 4041 763 4091 doloris
782 4040 919 4102 patientia,
936 4038 1112 4089 extimescitur
1127 4052 1176 4089 nee
1194 4038 1276 4088 fertur
1286 4037 1370 4088 dolor.

308 4150 318 4173 ι
332 4131 390 4180 llaec
402 4130 480 4194 igitur
491 4143 505 4179 a
518 4130 639 4179 cicerone
654 4128 759 4179 confusa
775 4140 847 4189 esse,
866 4126 998 4177 Nissenius
1009 4126 1203 4188 animadvertit,
1221 4125 1371 4189 addiditque

306 4236 318 4261 α
332 4218 458 4275 modeste,
474 4217 543 4279 qnod
555 4217 670 4280 putidum
682 4217 784 4266 videtur
798 4215 866 4276 diei,
884 4214 1051 4276 scriptoribus
1067 4214 1178 4278 antiquis
1195 4214 1312 4278 quaedam
1328 4215 1371 4265 in·

308 4306 431 4356 «baerere
450 4305 594 4355 excusanda
612 4305 693 4367 magis
711 4316 786 4367 quam
804 4302 933 4366 probanda
949 4309 993 4351 aut
1011 4303 1149 4352 imitanda:
1167 4303 1243 4354 modo
1260 4315 1293 4354 ne
1309 4317 1372 4355 ana-
