3325 5159
301 576 353 634 tid
542 573 584 632 De
598 585 782 631 ιιιιιιιιιιοιιιι
796 572 830 641 tt,
847 584 1001 642 xciv-notat,
1016 571 1129 631 te·tot.

299 713 375 765 bodie
388 713 505 763 Dorsone
516 711 613 763 monitu
626 710 779 771 tolluntur»,
792 717 819 760 ct
829 709 855 759 in
868 708 933 759 iltis:
948 720 1023 773 «quae
1034 707 1062 760 ii.
1076 722 1111 760 nr.
1124 707 1198 773 pueri
1207 719 1286 760 nanu
1297 707 1355 758 rob-

297 808 387 852 centur
398 808 473 866 stque
485 801 612 851 ducuntur
625 814 654 857 η
673 799 792 850 alterutra
812 799 940 850 sententis
959 796 1060 857 suflicit,
1080 805 1107 849 et
1125 797 1185 862 poni
1202 794 1284 848 debet
1300 803 1355 848 tute

299 891 392 941 verba:
407 912 417 934 ·
432 890 495 951 Quid
507 890 585 953 igitur
598 889 624 939 in
637 889 677 947 iis,
690 895 739 939 etc.
756 908 775 935 ·.
790 886 874 938 Malim
885 900 989 940 sertore
1001 888 1155 940 breviorem.

329 978 403 1040 xiil,
415 979 428 1042 5
439 979 478 1029 89.
497 979 605 1028 biarsum
617 985 757 1041 sequuutur
769 977 861 1029 merito
878 977 993 1028 Daitcrus
1009 977 1035 1028 in
1051 977 1092 1028 ed.
1111 977 1182 1040 Lips.
1195 983 1223 1028 et
1233 978 1262 1026 G.
1276 975 1304 1026 p,
1317 974 1353 1026 W.

298 1067 418 1118 itiiterus
431 1069 556 1132 iegevrtenr
573 1071 689 1117 avocantur
705 1080 750 1130 pro
766 1072 891 1116 vocentur.
904 1095 934 1103 -
947 1066 1054 1118 Lacone
1070 1067 1171 1131 signum
1190 1078 1285 1129 puncta
1303 1072 1357 1128 post

299 1157 390 1207 verba:
405 1179 416 1200 ι
429 1156 550 1220 quadratu
562 1155 691 1206 nominent
704 1172 733 1213 ιν,
747 1168 803 1205 nani
814 1156 942 1206 sententia
957 1167 1038 1220 quea
1055 1154 1187 1219 particulis
1201 1167 1261 1206 cum
1275 1158 1357 1206 ostent

298 1247 406 1307 orditur,
419 1259 469 1296 nou
481 1245 621 1296 absolvitur
637 1251 664 1295 et
682 1245 785 1296 omnino
798 1246 908 1307 pendet;
922 1257 1005 1308 neque
1016 1244 1179 1296 continuatur
1194 1243 1228 1294 iis
1243 1257 1301 1307 que
1314 1256 1358 1296 se·

298 1343 419 1399 suuntur,
431 1334 531 1384 etiamsi
542 1333 613 1397 tegas
629 1340 657 1384 ut
673 1334 726 1384 vuit
742 1334 885 1396 biottingev.
904 1332 1026 1396 probante
1046 1332 1182 1396 Ιιᾱιὶςίο,
1198 1335 1224 1384 et
1240 1345 1297 1386 cum
1315 1345 1358 1395 pro

298 1427 387 1478 etenim
399 1439 471 1480 csm;
495 1424 553 1489 quia
566 1424 635 1487 prius
646 1437 703 1474 eum
714 1424 745 1475 ad
760 1430 860 1487 tempus
871 1423 981 1476 refertur
992 1431 1019 1476 et
1032 1422 1097 1476 valet
1110 1427 1254 1488 postquam,
1272 1430 1358 1487 poste

299 1511 352 1561 rius
364 1522 423 1559 vero
435 1509 466 1559 ad
478 1520 580 1558 cauum
591 1516 617 1559 et
636 1507 703 1559 vaiet
718 1510 842 1571 quoniam,
860 1508 1062 1573 quondoquidem.
1080 1506 1219 1582 Παρένθιτα
1234 1507 1359 1560 habentur

299 1595 376 1645 verba
388 1610 393 1642 :
407 1613 420 1638 o
433 1607 462 1644 ea
476 1593 599 1659 triangula
612 1593 647 1642 itti
660 1601 686 1644 et
698 1593 819 1657 quadrata
838 1594 969 1644 nominent
982 1613 1004 1643 v.
1017 1620 1045 1630 -
1058 1593 1111 1644 Non
1127 1602 1223 1644 tuutetn
1242 1593 1359 1648 codicum

299 1684 434 1735 tectionem
448 1704 459 1728 ι
473 1688 581 1747 tempore
592 1682 652 1732 anni
665 1703 675 1725 ι
689 1683 715 1732 in
729 1687 886 1747 «temporum
897 1682 956 1733 anni
967 1704 989 1745 v,
1002 1682 1059 1747 quia
1071 1679 1178 1746 genitivi
1189 1682 1256 1745 plur.
1269 1686 1361 1748 tempo-

299 1788 355 1822 rum
366 1781 392 1823 et
404 1776 574 1837 tempestatum
593 1785 642 1823 noo
660 1772 773 1835 pendent
788 1783 803 1821 a
822 1783 884 1821 voce
900 1771 1084 1827 convertimus.-
1102 1770 1148 1822 sed
1166 1774 1276 1836 tempore
1293 1771 1360 1828 idern

300 1863 365 1913 vaiet
376 1862 444 1926 quod
456 1862 544 1926 spatio,
552 1861 606 1911 scii.
622 1882 633 1903 ι
642 1861 700 1910 anni
715 1868 944 1925 tempestatumque
955 1880 975 1908 ι.
985 1861 1053 1912 Fieri
1064 1861 1145 1925 potuit
1156 1860 1290 1912 ut'iuliius
1298 1861 1362 1926 prio

300 1967 353 2004 rem
365 1953 533 2003 sententiam:
547 1971 557 1994 ι
571 1965 628 2002 cum
640 1951 763 2001 antemio
775 1964 842 2010 eam,
854 1958 957 2002 etc......
971 1952 1092 2016 quadrata
1104 1954 1237 2003 nominant
1250 1972 1261 1996 ι
1273 1952 1360 2006 absci-

300 2056 360 2093 vere
372 2042 488 2093 omiserit
500 2053 606 2106 eantque
618 2039 791 2104 imperfectam
803 2041 945 2105 reliquerit,
964 2050 991 2093 et
1011 2042 1037 2092 in
1055 2041 1140 2092 animo
1157 2042 1288 2106 hebuerit,
1306 2050 1363 2107 post

301 2131 393 2181 verba:
408 2143 484 2194 ·qoae
497 2137 616 2181 vocantur
628 2129 737 2179 errantia
747 2148 770 2186 u,
783 2129 867 2180 statim
879 2130 1053 2195 subjungere:
1069 2151 1078 2173 ·
1089 2130 1191 2182 Etenim
1202 2138 1362 2191 curn,etc....

300 2226 458 2283 eventusque
477 2219 537 2283 tingi
552 2238 579 2280 ι,
593 2219 618 2268 in
629 2231 678 2282 qua
691 2219 816 2270 sententia
828 2218 937 2283 legimus
949 2233 978 2270 ea
989 2234 1046 2284 qtvvc
1062 2219 1088 2270 in
1107 2220 1192 2284 priore
1209 2221 1305 2272 deesse
1325 2221 1364 2270 vi·

301 2310 402 2360 dentur.

331 2397 417 2459 titttt,
430 2398 442 2461 t
454 2396 492 2448 90.
511 2396 606 2460 Opinon
617 2396 761 2461 legendum,
775 2411 826 2461 quo
838 2397 930 2448 metius
941 2398 1008 2450 inter
1018 2411 1047 2450 sc
1059 2405 1193 2451 nectantur
1207 2399 1345 2452 sententis
1357 2416 1363 2450 :

302 2511 312 2531 ι
327 2488 422 2550 Quibus
434 2486 532 2538 etiamsi
544 2487 670 2552 Diogenes
680 2487 717 2538 St.
729 2487 848 2538 concedit
859 2487 1026 2552 aliquid.......
1040 2486 1140 2540 iuturus
1151 2488 1194 2549 sit,
1206 2496 1295 2542 cetero
1307 2503 1363 2556 quoe

304 2576 479 2641 profiteantur,
493 2583 569 2639 negat
579 2574 631 2627 ulio
642 2576 727 2639 modo,
740 2583 790 2627 etc.
806 2595 819 2622 o

332 2664 416 2724 ttttv,
429 2664 491 2728 593.
509 2664 591 2715 Malim
604 2665 707 2730 tegere:
722 2686 732 2709 «
747 2666 790 2729 qui
808 2673 892 2729 potest
910 2666 999 2718 eudem
1019 2680 1072 2716 sore
1090 2679 1147 2718 csse
1166 2668 1328 2720 nascentium
1343 2689 1363 2728 v,

301 2768 347 2817 pro
359 2754 426 2819 vuig.
439 2755 482 2804 uis.
496 2754 612 2805 Davisius
623 2754 725 2818 tegebat
735 2767 781 2805 seu
796 2776 805 2797 ι
821 2754 856 2805 uis
867 2767 926 2805 esse
938 2754 964 2805 in
976 2762 1111 2807 nascentes
1124 2777 1144 2815 υ,
1157 2768 1204 2807 seu
1217 2776 1228 2802 α
1242 2758 1295 2810 otto
1305 2770 1363 2812 esse

302 2844 460 2895 nascentium
471 2863 492 2896 ι.

331 2932 403 2993 xit,
416 2933 428 2995 ς
439 2932 479 2983 tt.
497 2932 646 2983 Ciceronem
658 2932 792 2996 scripsisse
809 2942 890 2997 puto:
907 2934 983 2986 «Sed
1002 2946 1058 2998 quae
1076 2941 1144 2985 touta
1162 2935 1294 2988 dementia
1311 2943 1363 2996 eet,

301 3035 358 3071 eum
369 3022 395 3071 in
408 3021 523 3071 maximis
536 3020 648 3072 motibus
650 3056 709 3071 ......
721 3021 784 3071 nibii
797 3022 897 3073 intersit
900 3058 958 3072 ......
971 3035 1077 3087 quarum
1090 3035 1174 3073 rerum
1186 3022 1212 3073 iu
1224 3037 1264 3087 pr.
1280 3023 1330 3076 ioc.
1343 3031 1361 3074 t

300 3111 325 3161 d.
339 3123 406 3174 saepe
418 3115 517 3160 suot...
531 3110 598 3175 quod
610 3109 654 3174 qui
667 3111 786 3175 navigant
798 3124 915 3162 maxume
923 3112 1137 3170 animadvertunt,
1146 3111 1237 3162 contin
1245 3112 1271 3162 d.
1282 3126 1362 3176 peoar.

302 3208 369 3252 vent.
383 3208 445 3251 mut.
459 3201 731 3264 mussemutinae,
745 3209 792 3252 etc.
808 3222 828 3249 ι.
843 3201 921 3262 Quam
933 3201 1069 3253 lectionem
1077 3202 1132 3265 ipse
1139 3201 1250 3265 scriptor
1257 3201 1361 3266 indicet,

301 3290 419 3354 quoniam
432 3290 573 3341 orationem
586 3296 714 3353 repetens,
727 3291 845 3354 scripsit:
861 3311 870 3334 ι
885 3291 943 3342 ttaec
955 3290 1033 3356 igitur
1044 3304 1101 3342 eum
1112 3290 1146 3340 sit
1157 3297 1210 3340 tum
1225 3289 1362 3352 serenitas,

302 3388 351 3430 etc.
367 3400 388 3427 v.
402 3406 432 3415 -
446 3379 570 3429 incisum:
586 3401 596 3423 ·
610 3379 678 3444 quod
690 3393 740 3430 non
753 3387 823 3430 certe
842 3381 951 3443 pertinet
966 3399 989 3443 ιι,
1010 3381 1159 3446 iiottingero
1177 3379 1286 3445 aliisque
1305 3393 1364 3432 sun·

303 3474 413 3530 pectum.
426 3466 532 3517 seclusit
543 3467 666 3518 cbristius
678 3468 721 3529 qui
732 3468 849 3519 conferre
859 3468 933 3532 jubet
945 3469 976 3532 11,
989 3469 1001 3532 i
1012 3468 1050 3520 et.

332 3557 415 3620 tttvt
428 3557 489 3620 tet.
497 3557 580 3608 Verba
593 3575 605 3602 ιι
618 3565 706 3609 contra
718 3566 834 3610 naturam
848 3580 870 3621 ι,
882 3569 942 3613 ante
954 3560 1097 3623 depravatu,
1109 3558 1201 3610 abesse
1212 3558 1270 3609 sine
1282 3558 1364 3610 detti·

303 3653 390 3699 mento
403 3654 516 3709 possunt.
525 3674 554 3682 -
567 3645 715 3711 Diegantior
727 3647 829 3699 videtur
842 3648 936 3699 Davisii
948 3648 1050 3712 legendi
1063 3647 1143 3699 ratio:
1156 3666 1169 3692 ι
1183 3651 1227 3698 rus
1237 3656 1328 3700 natura
1343 3669 1364 3710 ο.

302 3750 377 3801 quam
396 3756 409 3781 α
421 3736 455 3790 ab
473 3744 525 3787 nat.
541 3757 562 3794 ι,
575 3750 633 3788 cum
652 3737 774 3800 deinceps
787 3738 886 3801 legatur
905 3758 917 3781 u
930 3743 974 3790 out
984 3745 1040 3790 arte
1059 3745 1135 3803 atquo
1154 3738 1282 3790 medicina
1295 3757 1317 3788 ι.
1334 3766 1365 3776 -

302 3827 315 3888 5
327 3826 367 3875 97.
382 3848 391 3868 ·
403 3825 480 3876 Lnnae
491 3831 574 3876 tactus
583 3844 596 3870 o
608 3824 676 3877 idern
689 3825 756 3875 valet
766 3826 834 3890 quod
847 3826 958 3890 contupio
970 3826 982 3888 i
993 3824 1033 3876 Di.
1047 3825 1113 3875 Nibii
1121 3825 1199 3891 igitur
1206 3826 1363 3880 mutandum.

331 3914 424 3966 ttivtt.
442 3915 533 3967 Baitios
552 3916 598 3979 (de
610 3916 688 3980 Legg.
703 3930 727 3980 p.
742 3916 801 3978 437)
819 3915 957 3979 legendum
975 3921 1080 3966 censet:
1103 3928 1223 3979 «qna...
1238 3915 1365 3968 Danntins

302 4003 398 4054 disserit
412 4022 441 4062 u,
454 4017 499 4067 pro
514 4004 580 4070 vuig.
594 4004 693 4062 dicerit,
706 4004 774 4068 quod
787 4004 946 4055 mendosum.
960 4005 1051 4054 Baiter.
1065 4004 1091 4053 in
1110 4003 1172 4054 edit.
1192 4004 1261 4068 Lips.
1275 4005 1365 4058 scribit

302 4092 374 4143 dett.
387 4120 415 4130 -
429 4094 500 4145 idem
511 4096 554 4145 dat
565 4099 705 4156 noscentur,
719 4108 765 4158 pro
776 4094 852 4144 codd.
865 4094 924 4144 lect.
936 4098 1082 4144 amoenior.

333 4182 416 4241 xiix,
429 4184 441 4246 ᾗ
455 4182 508 4235 tot.
528 4183 619 4234 Baiter.
633 4184 704 4234 maiit
716 4202 728 4227 ι
740 4191 863 4235 eventura
875 4190 935 4235 sunt
949 4203 960 4227 ι
974 4196 1019 4246 pro
1032 4182 1135 4234 «iutnra
1146 4190 1205 4234 sunt
1215 4202 1238 4246 ι,
1251 4189 1278 4234 et
1289 4177 1365 4248 pa'uto

232 4302 236 4312 ·
300 4278 357 4334 post
370 4271 583 4336 «significationis
594 4273 727 4324 scientiam
736 4292 750 4319 ι
761 4280 790 4324 ut
801 4270 865 4322 inira
877 4272 888 4335 i
904 4272 954 4322 105.
965 4299 994 4310 -
1002 4271 1149 4335 Dependent
1162 4278 1190 4322 ut
1201 4269 1268 4322 iutra
1277 4270 1363 4336 §¹062

301 4378 314 4406 r
328 4372 378 4412 non
390 4359 467 4424 igitur
478 4364 503 4410 et
512 4361 539 4412 di
551 4368 611 4413 sunt
623 4375 671 4414 nec
682 4360 767 4426 signif.
780 4360 827 4413 iot.
842 4381 864 4409 a.
