3325 5159
554 579 597 637 Dr
612 590 736 638 orrtcus
749 579 798 652 lli,
815 592 916 651 tur-ru,¹
928 581 1030 640 tuda
1278 582 1328 641 lt3

259 714 323 764 titio.
337 716 394 766 ilaec
406 716 476 766 enim
488 728 536 767 uua
550 716 630 767 uirtus
642 717 754 768 omnium
766 724 806 769 est
818 718 920 769 domina
932 727 960 770 et
973 720 1060 783 regina
1075 720 1195 770 virtutum
1207 739 1216 760 ι
1227 733 1235 777 ;
1247 721 1328 769 ornis-

258 807 295 856 sis
307 806 409 856 verbis:
424 808 526 871 «magis
536 808 655 858 arbitrari
668 821 726 858 esse
738 816 826 860 contra
836 817 1002 860 naturam.....
1012 820 1166 874 quaevacent
1175 811 1296 861 iniustitia
1306 832 1325 859 ι.

260 922 290 930 -
302 895 314 958 ξ
326 895 365 947 29.
380 897 475 946 Locum
489 912 496 945 z
511 916 522 939 «
536 896 638 947 Minime
652 911 722 948 vero.
736 899 790 949 Nou
802 899 870 949 euim
883 899 945 948 milti
959 907 999 949 est
1011 899 1061 949 rita
1078 912 1132 949 mea
1150 899 1235 950 utilior
1253 912 1328 963 quam

259 984 338 1033 animi
349 985 407 1035 talis
418 984 538 1040 adiectio.
552 986 679 1035 nemiuem
692 994 721 1035 ut
733 986 825 1038 violem
839 988 966 1039 commodi
978 988 1028 1037 mei
1040 988 1121 1050 gratia
1136 1008 1157 1050 ι,
1174 988 1232 1051 quia
1250 1001 1328 1050 repu-

259 1081 321 1136 gnat
332 1074 364 1123 iis
374 1087 431 1138 quae
442 1075 454 1136 ξ
465 1075 497 1126 30
508 1075 636 1134 dicuntur,
648 1076 750 1140 Ungero
761 1084 876 1137 auctore,
891 1077 1006 1127 Baiterus
1017 1077 1131 1128 seclusit.
1146 1076 1225 1138 liujus
1242 1085 1327 1128 autem

260 1161 463 1227 interpolationis
478 1171 566 1214 auctor
583 1165 652 1215 idern
671 1165 734 1215 mibi
755 1166 855 1216 ridetur
874 1180 932 1217 esse
951 1168 991 1217 cui
1011 1166 1121 1217 debetur
1140 1180 1170 1217 ea
1188 1179 1262 1230 quarn
1275 1168 1286 1228 fl
1297 1167 1329 1216 ⁶28

259 1252 459 1317 significavimus
472 1270 478 1301 ε
492 1254 518 1302 in
536 1262 645 1319 utroque
665 1256 721 1306 loco
742 1256 852 1319 loquitur
870 1257 918 1307 iste
937 1258 1064 1321 interpres
1083 1258 1115 1307 de
1133 1257 1210 1306 animi
1228 1270 1273 1308 seu
1287 1258 1329 1307 iu·

259 1342 401 1392 commodis
412 1355 458 1392 seu
468 1342 621 1401 adiectione,
635 1344 772 1409 dequibus
785 1352 853 1396 tacet
864 1345 969 1408 Tullius,
983 1347 1026 1411 qui
1038 1354 1168 1408 ceterum,
1181 1346 1208 1395 iu
1224 1346 1256 1395 iis
1272 1360 1328 1410 qna>

260 1430 440 1494 snbjiciuntur,
454 1433 550 1483 nonita
563 1446 653 1483 severe
663 1433 787 1494 iustitiam
796 1441 928 1485 tuetur.—
941 1435 954 1499 g
967 1434 1006 1484 32.
1016 1435 1098 1485 Malim
1107 1435 1194 1498 legere
1201 1449 1258 1485 cum
1267 1436 1328 1486 Vin-

258 1520 346 1570 centio
357 1520 529 1572 Bellovacensi
542 1538 548 1569 z
563 1544 573 1565 «
587 1523 613 1572 Si
626 1523 717 1585 etipsa
732 1524 847 1587 torquere
860 1532 886 1574 et
899 1532 1023 1589 lantquam
1036 1526 1127 1588 spiritu
1139 1538 1227 1576 carere
1239 1539 1328 1588 cmpe-

260 1608 321 1669 riut,
334 1624 365 1659 rte
376 1615 486 1669 rmeeont,
500 1618 552 1662 etc.
567 1632 589 1672 »‚
604 1626 649 1675 pro
663 1612 731 1675 vulg.
743 1614 873 1676 sanquine,
888 1619 912 1664 cl
923 1619 1019 1665 nocent.
1028 1642 1058 1651 -
1071 1616 1121 1665 Vox
1135 1616 1244 1679 corporis
1256 1616 1327 1665 ride-

260 1706 302 1748 tur
312 1699 453 1762 abundare,
467 1708 525 1764 post
536 1720 549 1746 α
563 1702 669 1765 reliquis
681 1702 795 1765 partibus
808 1722 831 1765 »,
844 1710 872 1754 et
884 1703 992 1754 fortasse
1005 1704 1129 1769 originem
1142 1706 1213 1756 dedit
1220 1705 1327 1756 nonnul-

260 1787 342 1839 iorum
360 1790 477 1840 codicum
501 1791 605 1842 lectioni
632 1814 641 1834 ι
663 1792 819 1844 humanitate
843 1795 959 1857 corporis
981 1815 993 1838 t
1017 1795 1124 1857 proximi
1149 1808 1238 1845 uersus
1261 1797 1328 1846 unde

258 1891 361 1929 sumere
373 1879 433 1931 licet
444 1882 607 1941 humanitate,
622 1883 714 1932 omissa
727 1884 804 1933 etiam
817 1898 881 1934 uoce
894 1885 1017 1948 corporis·
1030 1886 1097 1947 quod
1110 1885 1201 1935 melius
1213 1899 1270 1936 cnm
1280 1899 1326 1937 usn

257 1968 616 2034 Tulliauoconveuit,ut1am
632 1971 658 2021 id
677 1972 795 2022 viderunt
814 1972 906 2023 critici.
919 2000 951 2009 -
968 1973 1029 2022 Post
1048 1973 1124 2023 rerba
1143 1974 1327 2036 «segreganda

259 2065 299 2108 est
313 2079 335 2120 »,
347 2060 457 2109 inseram
470 2061 622 2111 sententiam
637 2077 644 2109 ι
660 2084 669 2103 ι
681 2062 745 2122 Quid
757 2062 826 2112 enim
839 2062 955 2120 interest,
969 2070 1053 2112 utrum
1065 2077 1097 2112 ex
1110 2063 1212 2112 bomine
1223 2075 1252 2113 se
1263 2076 1328 2113 cou-

259 2155 340 2198 vertat
351 2149 407 2212 quis
419 2150 445 2199 in
459 2150 578 2210 belluam,
591 2163 623 2200 an
635 2151 747 2201 bominis
762 2151 841 2215 ligura
855 2149 1037 2202 immanitatem
1049 2159 1122 2215 gerat
1134 2151 1225 2202 belluae
1235 2170 1256 2203 r.
1265 2152 1327 2202 Vide

259 2246 344 2288 uotam
356 2238 389 2288 ad
401 2237 414 2301 §
426 2239 466 2290 82.

291 2326 342 2388 Vll,
356 2329 367 2389 ξ
379 2326 417 2378 33.
436 2328 552 2390 Ungerus
564 2329 656 2378 merito
668 2335 755 2378 mouet
769 2328 941 2392 (Philologus.
954 2329 1023 2379 dritt.
1045 2328 1288 2392 Supplemeutband,
1302 2343 1325 2391 p.

258 2418 346 2476 85-86,
362 2416 435 2480 tout}
448 2419 663 2480 transponendum
675 2430 734 2467 esse
748 2418 848 2468 iocum:
862 2436 875 2463 n
884 2419 921 2468 Ad
934 2430 998 2482 quas
1008 2419 1077 2480 ipsas
1088 2419 1327 2469 consultationes...

259 2506 363 2556 omnino
375 2513 448 2567 turpe
461 2519 512 2556 nou
524 2507 558 2556 sit
569 2528 589 2566 ι,
603 2506 678 2569 paulo
689 2519 764 2568 supra
777 2507 809 2556 ad
818 2506 915 2562 calcem
923 2519 978 2570 cap.
987 2507 1027 2565 vt,
1041 2514 1098 2569 post
1107 2507 1182 2557 rerba
1198 2506 1326 2557 «officium

258 2594 431 2656 exquiritur».
444 2595 536 2645 Censet
549 2608 603 2645 roc.
614 2595 680 2644 libris
688 2594 815 2658 glossema
825 2608 894 2656 esse,
905 2602 962 2658 post
970 2596 1196 2659 superioribus&
1210 2596 1249 2645 ut.
1262 2596 1327 2645 Velit

259 2682 376 2745 Ungerus
386 2683 474 2746 legere
488 2699 494 2731 z
509 2704 520 2726 «
534 2684 580 2734 sed
594 2692 621 2733 ut
633 2696 689 2733 eam
703 2684 926 2747 (repugnantiam)
939 2685 994 2734 sine
1013 2698 1101 2733 errore
1118 2684 1326 2744 diiudicaremus,

258 2770 280 2819 si
292 2771 394 2834 quando
406 2772 540 2823 incidisset
549 2786 577 2831 ιι;
592 2772 631 2821 vix
644 2779 729 2822 autem
742 2780 815 2835 putes
826 2773 935 2823 Tullium
948 2773 1089 2822 orationem
1101 2772 1326 2823 sicconstituisser

259 2882 269 2903 «
283 2860 330 2910 sed
343 2866 371 2910 ut
381 2874 436 2909 com
439 2896 497 2909 ......
511 2861 609 2911 induxit
621 2875 675 2910 eom
689 2876 718 2920 »ς
733 2874 816 2924 neque
829 2862 880 2911 dici
894 2866 978 2924 potest
992 2861 1184 2924 repugnantiam
1202 2861 1325 2912 incidisse.

258 2976 288 2984 -
299 2949 391 2999 Contra
403 2949 515 3010 codices,
529 2950 620 3000 merito
632 2949 723 2999 scribit
737 2949 863 3010 balterus,
875 2956 980 2999 auctore
993 2949 1114 3006 Munatio,
1134 2954 1261 3007 verterunt,
1282 2963 1326 3012 pro

259 3039 378 3088 irruerint.

290 3128 351 3190 vill,
365 3128 426 3190 536.
446 3129 512 3178 Balte
524 3129 571 3189 (de
584 3127 664 3191 Legg.
677 3142 701 3191 p.
716 3128 756 3177 lbi
769 3132 776 3190 l
789 3135 878 3177 censet
892 3127 1028 3191 legendum
1041 3140 1098 3177 esse
1113 3144 1119 3175 ε
1134 3151 1143 3170 ι
1157 3129 1250 3191 quibus
1263 3129 1325 3179 nibil

259 3230 306 3267 nec
318 3219 416 3267 taetrius
428 3231 474 3267 nec
486 3217 578 3269 loedius
589 3217 693 3280 oppilari
706 3224 791 3280 potest
805 3239 826 3275 ι,
840 3219 906 3281 qnod
921 3218 1000 3281 magis
1013 3232 1043 3267 ex
1058 3231 1103 3267 osu
1122 3219 1235 3269 Tulliano
1251 3232 1325 3283 quam

259 3309 326 3372 vulg.
347 3308 481 3371 excapitari
500 3309 548 3371 ipsi
568 3309 676 3360 ridetur.
699 3309 857 3371 -Scripsit
877 3308 990 3357 Baiterus
1013 3322 1070 3357 curn
1094 3309 1179 3366 codd,
1205 3316 1325 3360 monento

257 3398 374 3461 Zumptio
387 3412 394 3445 t
407 3419 417 3441 ι
432 3410 527 3459 paenam
539 3411 590 3449 uon
602 3399 660 3449 dico
673 3398 767 3461 logum,
781 3412 855 3462 quam
869 3410 936 3460 saepe
954 3405 1128 3460 perrumpunt,
1148 3405 1197 3447 etc.
1214 3418 1234 3446 ».
1255 3398 1325 3449 Suri-

258 3495 344 3551 pserat
355 3487 464 3537 Orellius
475 3501 544 3551 quus.
552 3515 584 3522 —
595 3487 609 3551 5
621 3488 660 3537 37.
674 3488 727 3537 Non
740 3488 796 3537 sine
807 3500 883 3537 causa
897 3486 1039 3537 Facciolato
1051 3487 1188 3537 adventitia
1202 3487 1254 3537 baec
1262 3501 1324 3538 con-

256 3578 338 3628 clusio
351 3577 484 3628 videbatur
497 3592 503 3625 :
518 3599 528 3620 «
544 3576 613 3641 Ergo
624 3590 653 3626 ea
665 3577 831 3627 deliberanda
849 3576 953 3627 omuino
972 3590 1022 3627 non
1038 3585 1108 3635 suut,
1129 3577 1153 3625 in
1173 3576 1266 3639 quibus
1284 3583 1325 3626 est

258 3669 340 3730 turpis
350 3668 404 3730 ipsa
416 3667 567 3718 deliberatio
582 3686 604 3730 ι,
618 3679 674 3730 quae
685 3680 716 3716 eu
730 3667 845 3729 margine
857 3666 986 3730 abaliquo
1003 3666 1104 3717 erudito
1123 3666 1218 3716 lectore
1231 3666 1323 3727 scripta

258 3760 283 3809 io
296 3766 393 3809 testum
405 3758 517 3821 irrepsit,
531 3766 557 3808 ut
569 3757 629 3807 alibi
642 3758 736 3819 saepius
748 3756 788 3806 bis
800 3757 825 3806 in
839 3756 912 3807 libris
928 3756 1021 3806 laetum
1039 3764 1088 3806 est.
1107 3757 1184 3805 Tacet
1200 3755 1322 3805 Baiterus.

291 3842 331 3904 tx,
344 3844 356 3905 ξ
368 3843 407 3893 38.
426 3843 531 3906 Legitur
541 3842 608 3905 apud
621 3842 761 3902 Platonem,
776 3856 799 3904 p.
813 3842 860 3891 359
880 3842 908 3899 D,
927 3842 1002 3914 μείζω
1016 3838 1031 3899 ἦ
1045 3836 1238 3913 κατ’ἅνθρωπον,
1255 3841 1323 3891 uude

256 3928 378 3991 conjicias
389 3928 497 3978 Tullium
507 3927 641 3991 scripsisse
653 3928 739 3989 potius
751 3926 882 3984 inusitato,
894 3938 969 3989 quam
987 3925 1123 3982 inviniaco,
1140 3938 1215 3987 quam
1231 3923 1323 3975 lectio-

257 4033 317 4070 nem
329 4018 438 4083 praetuiit
451 4019 574 4069 Baiterus.
590 4045 611 4055 -
629 4017 710 4067 Verba
724 4032 731 4066 t
747 4038 758 4060 a
772 4029 890 4081 peccare,
903 4015 1011 4079 quamsi
1024 4028 1075 4066 nou
1088 4014 1194 4065 baberet
1208 4034 1229 4073 ·‚
1250 4013 1323 4065 liad-

258 4108 326 4172 rigio
337 4115 451 4167 auctore,
464 4107 569 4157 seclusit
581 4107 705 4169 Baiterus,
718 4106 759 4157 cui
771 4106 881 4157 libenter
893 4104 1033 4156 adsentior.
1045 4130 1075 4139 -
1088 4102 1102 4167 ᾗ
1113 4102 1153 4152 39.
1173 4103 1264 4154 Contra
1276 4116 1323 4154 co·

257 4197 329 4248 dices
341 4205 367 4247 et
379 4197 513 4261 plerosque
526 4196 649 4257 editores,
657 4196 701 4259 qui
709 4196 804 4246 babent
815 4213 829 4240 r
838 4208 986 4259 quamquam
995 4201 1077 4256 potest
1086 4193 1111 4242 id
1120 4193 1230 4256 quidem,
1239 4200 1288 4243 etc.
1300 4214 1322 4256 ι,

257 4289 360 4340 admisit
372 4290 487 4340 Baiterus
499 4288 603 4338 llauutii
614 4286 786 4350 coniecturam
800 4301 807 4335 t
822 4307 832 4328 ι
847 4286 1006 4348 Nequaquam
1020 4291 1104 4348 potest
1114 4284 1140 4335 id
1152 4298 1177 4347 q.
1188 4303 1209 4332 ».
1221 4283 1322 4347 ilelius,

257 4378 358 4445 opinor,
370 4378 502 4430 OEcerouis
513 4384 625 4429 mentem
637 4384 663 4427 et
674 4375 845 4427 academicam
855 4372 986 4437 iudicandi
1004 4373 1130 4425 rationem
1145 4371 1321 4430 exhibeamus.
