3325 5159
298 521 332 576 iti
492 520 534 576 be
548 530 662 576 arvinus
676 531 825 587 concern,
842 517 888 588 ill,
904 529 1046 586 xvv-xviri,
1063 517 1158 574 tra-au.

329 655 391 714 livi,
404 655 418 718 5
430 655 469 704 ld.
490 654 608 703 Fortasse
626 653 652 701 in
669 652 789 715 particula
806 653 844 702 rel
859 665 934 715 quam
950 654 1011 702 darrt
1025 652 1139 715 plerique
1157 650 1275 708 codices,
1294 650 1362 700 inter

297 742 361 805 qnod
373 749 399 791 et
411 759 423 785 v
436 741 538 805 aliquod
550 753 632 804 genus
642 740 780 802 appetendi
795 739 867 790 dedit
880 759 906 801 ιι,
924 740 986 789 latet
997 739 1103 788 verbum
1116 738 1175 788 nelli
1192 738 1261 802 quod
1278 738 1362 801 aptius

298 830 397 879 ridetur
408 842 483 891 quam
496 830 571 878 dedit.
583 828 655 879 Cori.
667 835 720 877 not.
733 828 764 877 ad
778 826 838 889 §13-
847 854 877 864 -
889 825 972 876 Malim
984 825 1071 889 legere
1083 839 1141 875 cum
1150 825 1254 875 Pearcio
1268 844 1280 866 υ
1293 826 1360 888 quod

297 933 326 967 ea
338 918 499 968 occurrentia
511 930 561 967 nou
574 916 685 980 lingunt,
706 914 883 966 transferendo
896 929 962 976 oon,
975 915 1045 978 quod
1058 915 1133 977 vulgo
1145 914 1241 977 legitur
1250 921 1311 963 ante
1323 926 1362 962 oc-

296 1006 430 1054 currentia.
441 1032 471 1041 -
481 1007 577 1054 Tuetur
588 1004 729 1067 Madvigius
740 1003 875 1053 lectionem
888 1003 985 1053 codicis
998 1001 1050 1052 Eri.
1064 1015 1110 1053 seu
1122 1002 1153 1062 B,
1168 1002 1226 1051 «itti
1237 1000 1360 1065 quidem·

296 1104 384 1145 contra
396 1095 460 1145 alios
471 1095 575 1145 codices
586 1101 613 1144 et
624 1093 771 1156 opinionem
782 1094 877 1143 Davisii
889 1093 1045 1155 aliorumque
1058 1093 1204 1143 criticorum
1221 1090 1362 1155 legentium

300 1203 313 1228 «
321 1186 363 1233 r'lln
375 1184 478 1247 quidem
488 1199 511 1242 ·;
527 1191 553 1233 at
560 1196 616 1247 quae
627 1182 702 1232 alieri
713 1183 829 1245 exempla
843 1196 895 1232 nou
906 1182 1045 1245 quadrant,
1058 1182 1116 1244 qnia
1129 1182 1154 1230 in
1168 1180 1199 1230 iis
1212 1182 1362 1243 pronomina

298 1275 329 1321 ita
347 1285 394 1322 seu
412 1278 548 1329 commate,
567 1283 613 1320 seu
633 1271 779 1333 parenthesi
799 1270 979 1333 sejunguntur,
998 1277 1026 1320 nt
1041 1270 1167 1332 oppositio
1188 1270 1362 1331 perspicuitati

298 1360 360 1409 nibil
373 1366 473 1420 noceat,
493 1360 560 1423 qnod
573 1360 614 1408 bic
633 1374 683 1410 nou
703 1360 844 1423 contingit,
865 1359 908 1409 ubi
920 1359 1001 1409 lector
1014 1359 1173 1409 discerneret
1191 1359 1278 1408 statim
1297 1359 1364 1408 inter

299 1450 324 1496 tii
336 1453 419 1496 nutem
430 1455 457 1497 et
467 1447 505 1496 illi
517 1448 627 1510 quidem,
647 1449 670 1496 si
681 1449 718 1497 sic
728 1448 869 1508 ederetur3
888 1453 1002 1497 ceterum
1015 1447 1147 1509 scriptoris
1158 1445 1238 1496 menti
1250 1459 1376 1497 consen·⁴

299 1542 401 1584 laneum
412 1542 453 1584 est
464 1534 567 1598 legere:
583 1556 592 1577 ι
606 1535 649 1584 illa
661 1536 763 1598 quidem
776 1535 856 1597 prima
868 1541 963 1584 naturae
977 1553 997 1582 v.
1011 1560 1041 1569 -
1054 1534 1066 1595 ξ
1078 1535 1118 1584 ti.
1132 1533 1249 1596 Plerique
1261 1533 1365 1583 codices

299 1622 414 1672 babent:
432 1640 445 1667 α
459 1635 535 1672 causa
552 1637 598 1673 cur
613 1623 710 1673 Zenoni
729 1636 779 1673 non
798 1622 889 1672 luisset
898 1637 927 1680 »3
947 1620 1007 1671 cod.
1023 1622 1050 1669 B.
1064 1634 1110 1670 seu
1123 1620 1176 1670 Eri.
1189 1634 1235 1684 pro
1253 1634 1298 1670 cur
1314 1619 1365 1670 lert

298 1722 364 1757 cum.
385 1710 525 1774 Madvigius
542 1718 630 1761 monet
647 1710 685 1760 sic
703 1710 781 1760 iatine
799 1709 850 1760 dici
862 1722 913 1759 non
925 1721 1011 1771 posse,
1031 1714 1057 1757 et
1069 1708 1219 1758 Ciceronem
1229 1708 1365 1770 scripsisse

299 1802 369 1857 putat
382 1813 388 1845 ε
402 1816 415 1842 v
431 1810 533 1847 causam
544 1798 640 1848 Zenoni
653 1811 702 1847 uon
718 1797 796 1847 inisse
811 1817 837 1853 ι,
854 1810 929 1860 quam
940 1797 1112 1859 conjecturam
1124 1796 1228 1847 admisit
1239 1796 1364 1847 Briterus.

299 1885 423 1947 Equidem
437 1886 522 1935 malim
534 1887 637 1950 legere:
657 1906 668 1930 v
686 1899 762 1936 causa
774 1887 839 1949 qnod
849 1886 943 1935 Zenoni
955 1898 1006 1935 nou
1018 1884 1108 1935 luisset
1122 1906 1132 1927 ι
1144 1899 1151 1945 ;
1169 1886 1206 1934 sic
1218 1885 1311 1935 meiius
1322 1886 1365 1935 in·

300 1972 424 2035 telligitur
435 1987 465 2021 en
477 1980 536 2022 ante
549 1974 608 2021 dini.
623 1973 694 2036 Saepe
707 1974 771 2037 qnod
782 1980 808 2022 et
820 1986 876 2021 rum
890 1981 1072 2035 permutantur.

328 2062 401 2120 xvlt,
414 2062 476 2124 547.
496 2063 603 2112 Codices
620 2062 682 2112 dant
693 2075 737 2111 seu
750 2062 871 2125 queritis,
889 2075 935 2111 seu
952 2062 1082 2126 querelis,
1099 2074 1145 2111 sen
1165 2074 1273 2126 qureret,
1293 2060 1364 2122 Spir.

299 2152 427 2212 qrtoercter,
441 2149 508 2199 unde
516 2150 640 2199 Goereuz.
649 2149 710 2199 iecit
721 2154 866 2213 qnoerenlca,
875 2149 999 2212 probante
1011 2149 1146 2213 Madvigio,
1159 2150 1204 2211 qui
1214 2149 1277 2212 legit
1286 2150 1364 2199 etiarn

298 2238 453 2287 revertemini
465 2251 523 2287 cum
535 2237 622 2287 multis
632 2238 774 2288 codicibus.
791 2238 929 2288 Lambinus
946 2251 1017 2296 vero,
1030 2251 1106 2300 quern
1115 2246 1239 2295 sequutus
1254 2244 1296 2287 est
1314 2237 1365 2287 ba-

300 2326 388 2387 visius,
408 2326 510 2389 legebat
528 2326 654 2389 queritis,
673 2334 699 2376 et
716 2327 827 2377 addebat
843 2328 886 2391 qni
901 2334 958 2389 post
976 2340 1032 2385 vom
1049 2326 1095 2376 sed
1112 2328 1238 2377 sententia
1250 2327 1364 2377 nondum

300 2415 440 2475 satisiacit,
460 2428 543 2479 neque
555 2415 637 2465 oratio
648 2429 706 2464 cum
719 2416 750 2465 iis
761 2428 817 2479 qum
830 2416 900 2478 prius
915 2423 941 2465 et
953 2415 1075 2478 deinceps
1087 2415 1206 2479 leguntur
1220 2415 1287 2466 bene
1299 2429 1365 2467 con-

301 2504 428 2564 nectitnr;
449 2504 532 2567 itaque
551 2504 589 2552 sic
605 2504 689 2553 malim
707 2503 810 2568 legere:
826 2523 839 2548 «
853 2504 906 2553 linc
922 2504 989 2552 euim
1008 2504 1116 2568 qnaeritr'r
1128 2516 1232 2565 omnes,
1252 2510 1279 2555 et
1291 2504 1309 2554 ii
1320 2506 1364 2569 qni

299 2592 467 2655 quodcunque
483 2592 510 2640 in
522 2598 634 2641 mentem
655 2592 738 2641 veniat
755 2598 799 2641 ant
815 2592 984 2655 quodcunque
1001 2598 1120 2642 occurrat
1136 2605 1164 2642 se
1181 2593 1253 2655 sequi
1269 2592 1363 2650 dunat,

300 2690 326 2730 et
339 2693 385 2730 vos
397 2680 439 2745 qni
451 2681 484 2730 ad
499 2687 614 2729 naturam
629 2680 755 2729 revertimt
768 2695 797 2740 »3
817 2681 884 2743 quod
902 2680 1006 2738 meiius,
1025 2681 1125 2743 opinor,
1138 2681 1289 2743 respondet,
1310 2688 1364 2731 tum

302 2770 396 2829 verbis,
412 2781 480 2817 «non
492 2769 628 2831 reperieris
637 2788 660 2832 »,
670 2775 722 2818 tum
735 2768 868 2819 membro:
883 2770 995 2833 «quibus
1007 2777 1096 2820 natura
1109 2770 1163 2819 iure
1176 2770 1363 2833 responderit.»

300 2886 331 2897 -
343 2858 424 2909 verba
439 2880 449 2901 ι
462 2865 507 2908 aut
518 2859 579 2909 vitio
594 2879 604 2901 ·
619 2860 715 2922 primus
726 2860 832 2909 seclusit
844 2859 959 2910 barisius
970 2867 997 2910 et
1010 2868 1067 2923 post
1077 2873 1136 2910 enm
1149 2860 1280 2922 balterus,
1295 2861 1363 2925 quod

299 2948 389 3009 probat
397 2948 517 3011 Madvig,
525 2948 568 3011 qui
581 2953 666 2997 tamen
674 2948 805 2999 Ciceronis
816 2948 980 3012 negligentiae
991 2949 1040 2999 boc
1053 2949 1110 2999 loco
1122 2943 1214 2999 novum
1228 2948 1364 3013 vestigium

300 3037 413 3099 reperire
432 3043 518 3098 putat,
538 3036 622 3101 itaque
639 3038 712 3087 uncis
722 3036 855 3087 abstinuit.
872 3037 927 3101 Ego
940 3037 993 3086 baec
1007 3036 1083 3086 verba
1097 3050 1202 3099 prorsus
1213 3034 1321 3087 deleam.
1334 3064 1366 3073 -

298 3125 351 3173 Vox
374 3125 563 3187 propensionem
582 3125 630 3174 boc
648 3137 700 3174 uno
722 3124 778 3173 loco
806 3124 871 3185 apnd
892 3123 1041 3173 Ciceronem
1058 3123 1161 3186 legitur,
1179 3136 1225 3186 pro
1244 3137 1292 3188 qua
1310 3124 1365 3174 ior-

299 3220 366 3262 tasse
378 3212 547 3275 supplendum
560 3224 616 3262 voc.
627 3213 839 3275 progressionem,
859 3225 910 3275 quo
921 3213 933 3274 ἓ
945 3212 974 3262 67
988 3219 1076 3261 noster
1088 3213 1175 3262 utitur.
1188 3240 1218 3249 -
1230 3212 1295 3263 Fere
1307 3226 1364 3263 cer-

300 3308 350 3349 tam
366 3301 458 3350 Bremii
477 3300 663 3351 correctionem
682 3300 811 3363 legentis:
835 3307 943 3349 «cetera
964 3299 1108 3349 haberent»
1130 3300 1288 3351 recentiores
1306 3301 1365 3351 edi-

300 3395 369 3438 tores
386 3388 543 3439 admiserum
562 3395 649 3438 contra
669 3387 773 3438 codices
790 3400 881 3437 omnes
906 3387 949 3450 qui
968 3388 1048 3438 dant:
1079 3402 1132 3437 «ea
1152 3401 1194 3439 res
1220 3389 1363 3440 baberet».

301 3477 416 3526 bavisius
430 3478 482 3542 jam
500 3476 621 3541 legebat:
641 3483 758 3526 «ceterae
777 3488 818 3525 res
837 3475 962 3525 baberent
975 3496 996 3523 ι.
1010 3502 1040 3512 -
1051 3476 1201 3527 valedicunt
1216 3476 1291 3527 etiam
1310 3478 1365 3527 cri·

300 3566 343 3613 tici
360 3564 492 3615 codicibus
509 3565 553 3628 qui
566 3572 623 3628 post
641 3565 817 3628 oppetitionem
836 3563 931 3613 habent
950 3567 1050 3625 antem,
1064 3570 1090 3615 et
1100 3564 1193 3615 merito
1205 3570 1288 3615 tamen
1302 3578 1366 3627 prae-

300 3652 392 3702 ierunt.
413 3652 497 3701 Mirari
516 3660 586 3702 certe
606 3651 666 3701 licet
683 3651 832 3701 eorumdem
852 3650 1003 3715 religionem
1023 3651 1048 3701 ln
1061 3652 1117 3701 aliis
1129 3652 1193 3703 iocis
1212 3666 1263 3703 uon
1281 3653 1366 3703 minus

299 3741 427 3802 suspectis
438 3740 478 3789 vel
490 3739 626 3802 corruptis.
639 3766 669 3775 -—
681 3739 802 3802 Suspicor
812 3738 922 3789 Tullium
936 3740 1006 3802 prius
1018 3740 1152 3801 scripsisse
1165 3754 1194 3790 ea
1206 3753 1262 3805 quae
1276 3741 1302 3789 in
1315 3740 1365 3791 dne

301 3827 376 3889 huius
387 3827 451 3876 xvii
463 3827 554 3890 capitis
565 3839 579 3875 a
592 3826 604 3888 5
615 3827 647 3877 48
663 3826 791 3890 leguntur,
809 3832 836 3878 et
852 3827 946 3878 deinde
961 3828 1115 3878 seutentiam
1131 3828 1246 3891 pluribus
1264 3841 1365 3879 enarra·

301 3915 378 3976 risse,
391 3921 419 3965 ut
431 3914 524 3977 legitur
536 3914 645 3976 in54'13
663 3912 741 3978 friget
752 3915 821 3965 enim
834 3914 887 3965 haec
899 3915 963 3966 levis
973 3915 1105 3966 conclusio
1121 3923 1178 3978 post
1190 3928 1219 3966 ea
1236 3929 1292 3981 quae
1306 3924 1365 3967 ante

300 4001 366 4050 dicta
379 4007 456 4060 sunt;
475 4002 571 4051 sivero
587 4009 717 4062 servetur,
735 4003 871 4066 legendum
884 4005 993 4054 saltem:
1015 4025 1025 4046 l
1041 4003 1103 4063 Quid
1115 4004 1190 4066 lqr'tur
1201 4005 1285 4056 minus
1301 4018 1366 4055 con·
1389 4021 1391 4026 ·

301 4074 451 4137 sentaueum
464 4097 504 4138 est
517 4109 539 4146 »,
552 4095 603 4139 etc.

331 4176 416 4237 iiVill,
429 4174 443 4238 S
454 4177 494 4226 50.
507 4176 533 4226 Si
545 4185 662 4228 servetur
675 4179 791 4237 vitiosius,
803 4178 940 4242 legendnm
952 4185 1007 4228 est:
1023 4191 1094 4242 «qno
1106 4179 1167 4227 nibil
1178 4184 1327 4242 potestesse
1339 4195 1365 4240 »3

300 4265 321 4313 si
334 4272 449 4313 servetur
460 4266 568 4326 pratulis,
582 4268 729 4316 mutandum
741 4267 940 4329 comparativum
953 4267 977 4314 in
997 4266 1084 4315 niellus
1104 4268 1170 4330 quud
1185 4268 1245 4317 dani
1262 4268 1364 4330 quidam
