<?xml version="1.0" encoding="UTF-8"?>
<!DOCTYPE html PUBLIC "-//W3C//DTD XHTML 1.0 Transitional//EN"
    "http://www.w3.org/TR/xhtml1/DTD/xhtml1-transitional.dtd">
<html xmlns="http://www.w3.org/1999/xhtml" xml:lang="en" lang="en">
 <head>
  <title>
</title>
<meta http-equiv="Content-Type" content="text/html;charset=utf-8" />
  <meta name='ocr-system' content='tesseract 3.04.00' />
  <meta name='ocr-capabilities' content='ocr_page ocr_carea ocr_par ocr_line ocrx_word'/>
</head>
<body>
  <div class='ocr_page' id='page_1' title='image "./inciceronislibr00vaucgoog_0113.png"; bbox 0 0 3325 5159; ppageno 0'>
   <div class='ocr_carea' id='block_1_1' title="bbox 516 577 1355 647">
    <p class='ocr_par' dir='ltr' id='par_1_1' title="bbox 516 577 1355 647">
     <span class='ocr_line' id='line_1_1' title="bbox 516 577 1355 647; baseline -0.004 -12"><span class='ocrx_word' id='word_1_1' title='bbox 516 579 557 635; x_wconf 81' lang='lat' dir='ltr'><strong>[tn</strong></span> <span class='ocrx_word' id='word_1_2' title='bbox 576 590 760 635; x_wconf 84' lang='lat' dir='ltr'><strong>nrvmnmonu</strong></span> <span class='ocrx_word' id='word_1_3' title='bbox 779 579 801 645; x_wconf 88' lang='lat'><strong>1,</strong></span> <span class='ocrx_word' id='word_1_4' title='bbox 822 590 1025 647; x_wconf 77' lang='lat' dir='ltr'><strong>ruunt-xxxiv,</strong></span> <span class='ocrx_word' id='word_1_5' title='bbox 1045 577 1136 635; x_wconf 77' lang='grc'><strong>56-75.</strong></span> <span class='ocrx_word' id='word_1_6' title='bbox 1308 577 1355 633; x_wconf 82' lang='grc'><strong>101</strong></span> 
     </span>
    </p>
   </div>
   <div class='ocr_carea' id='block_1_2' title="bbox 295 715 1361 4442">
    <p class='ocr_par' dir='ltr' id='par_1_2' title="bbox 295 715 1359 1402">
     <span class='ocr_line' id='line_1_2' title="bbox 300 715 1358 776; baseline -0.003 -8"><span class='ocrx_word' id='word_1_7' title='bbox 300 720 414 769; x_wconf 79' lang='lat' dir='ltr'><strong>Formam</strong></span> <span class='ocrx_word' id='word_1_8' title='bbox 433 718 573 767; x_wconf 77' lang='lat' dir='ltr'>inauditam</span> <span class='ocrx_word' id='word_1_9' title='bbox 592 718 658 765; x_wconf 75' lang='lat' dir='ltr'><strong>ectm</strong></span> <span class='ocrx_word' id='word_1_10' title='bbox 677 718 703 767; x_wconf 90' lang='lat' dir='ltr'><strong>in</strong></span> <span class='ocrx_word' id='word_1_11' title='bbox 722 716 852 766; x_wconf 87' lang='lat' dir='ltr'><strong>Ciceronis</strong></span> <span class='ocrx_word' id='word_1_12' title='bbox 869 716 1073 767; x_wconf 78' lang='lat' dir='ltr'><strong>textumeuCod.</strong></span> <span class='ocrx_word' id='word_1_13' title='bbox 1088 717 1115 765; x_wconf 87' lang='lat' dir='ltr'><strong>B.</strong></span> <span class='ocrx_word' id='word_1_14' title='bbox 1129 715 1213 766; x_wconf 88' lang='lat' dir='ltr'><strong>intulit</strong></span> <span class='ocrx_word' id='word_1_15' title='bbox 1225 715 1358 776; x_wconf 76' lang='lat' dir='ltr'><strong>chmelius,</strong></span> 
     </span>
     <span class='ocr_line' id='line_1_3' title="bbox 296 804 1357 871; baseline -0.005 -13"><span class='ocrx_word' id='word_1_16' title='bbox 296 810 365 871; x_wconf 86' lang='lat' dir='ltr'><strong>quod</strong></span> <span class='ocrx_word' id='word_1_17' title='bbox 379 807 486 870; x_wconf 90' lang='lat' dir='ltr'><strong>probare</strong></span> <span class='ocrx_word' id='word_1_18' title='bbox 500 820 610 869; x_wconf 80' lang='lat' dir='ltr'><strong>nequeo.</strong></span> <span class='ocrx_word' id='word_1_19' title='bbox 622 832 653 840; x_wconf 91' lang='lat'>-</span> <span class='ocrx_word' id='word_1_20' title='bbox 665 808 677 868; x_wconf 66' lang='grc' dir='ltr'><strong>ξ</strong></span> <span class='ocrx_word' id='word_1_21' title='bbox 690 806 729 855; x_wconf 83' lang='grc'><strong>56.</strong></span> <span class='ocrx_word' id='word_1_22' title='bbox 748 806 860 855; x_wconf 90' lang='lat' dir='ltr'><strong>Xlotzius</strong></span> <span class='ocrx_word' id='word_1_23' title='bbox 872 806 1017 855; x_wconf 89' lang='lat' dir='ltr'><strong>addendum</strong></span> <span class='ocrx_word' id='word_1_24' title='bbox 1029 818 1087 855; x_wconf 91' lang='lat' dir='ltr'><strong>esse</strong></span> <span class='ocrx_word' id='word_1_25' title='bbox 1099 804 1222 854; x_wconf 89' lang='lat' dir='ltr'><strong>censebat</strong></span> <span class='ocrx_word' id='word_1_26' title='bbox 1233 818 1282 853; x_wconf 84' lang='lat' dir='ltr'><strong>non</strong></span> <span class='ocrx_word' id='word_1_27' title='bbox 1298 811 1357 854; x_wconf 90' lang='lat' dir='ltr'><strong>ante</strong></span> 
     </span>
     <span class='ocr_line' id='line_1_4' title="bbox 295 893 1358 960; baseline -0.004 -15"><span class='ocrx_word' id='word_1_28' title='bbox 295 897 403 960; x_wconf 81' lang='lat' dir='ltr'><strong>petcotl‚·</strong></span> <span class='ocrx_word' id='word_1_29' title='bbox 416 896 529 945; x_wconf 83' lang='lat' dir='ltr'><strong>Halmius</strong></span> <span class='ocrx_word' id='word_1_30' title='bbox 540 895 651 959; x_wconf 77' lang='lat' dir='ltr'><strong>coniecit</strong></span> <span class='ocrx_word' id='word_1_31' title='bbox 665 910 671 942; x_wconf 75' lang='grc' dir='ltr'><strong><em>ε</em></strong></span> <span class='ocrx_word' id='word_1_32' title='bbox 686 915 696 936; x_wconf 78' lang='grc' dir='ltr'>ι</span> <span class='ocrx_word' id='word_1_33' title='bbox 712 901 799 958; x_wconf 88' lang='lat' dir='ltr'><strong>petere</strong></span> <span class='ocrx_word' id='word_1_34' title='bbox 816 895 943 944; x_wconf 85' lang='lat' dir='ltr'><strong>dubitanti</strong></span> <span class='ocrx_word' id='word_1_35' title='bbox 958 915 979 954; x_wconf 86' lang='lat'><strong>»‚</strong></span> <span class='ocrx_word' id='word_1_36' title='bbox 993 908 1068 958; x_wconf 93' lang='lat' dir='ltr'><strong>quam</strong></span> <span class='ocrx_word' id='word_1_37' title='bbox 1080 894 1253 958; x_wconf 85' lang='lat' dir='ltr'><strong>conjecturam</strong></span> <span class='ocrx_word' id='word_1_38' title='bbox 1265 893 1358 943; x_wconf 84' lang='lat' dir='ltr'><strong>Christ.</strong></span> 
     </span>
     <span class='ocr_line' id='line_1_5' title="bbox 296 980 1358 1046; baseline -0.002 -14"><span class='ocrx_word' id='word_1_39' title='bbox 296 984 413 1043; x_wconf 90' lang='lat' dir='ltr'><strong>admisit;</strong></span> <span class='ocrx_word' id='word_1_40' title='bbox 426 984 539 1046; x_wconf 81' lang='lat' dir='ltr'><strong>itemque</strong></span> <span class='ocrx_word' id='word_1_41' title='bbox 553 982 644 1032; x_wconf 90' lang='lat' dir='ltr'><strong>Baiter.</strong></span> <span class='ocrx_word' id='word_1_42' title='bbox 658 982 684 1030; x_wconf 92' lang='lat' dir='ltr'><strong>in</strong></span> <span class='ocrx_word' id='word_1_43' title='bbox 697 983 737 1032; x_wconf 87' lang='lat' dir='ltr'><strong>ed.</strong></span> <span class='ocrx_word' id='word_1_44' title='bbox 752 982 821 1045; x_wconf 88' lang='lat' dir='ltr'><strong>Lips.</strong></span> <span class='ocrx_word' id='word_1_45' title='bbox 842 982 903 1031; x_wconf 89' lang='lat' dir='ltr'><strong>llihi</strong></span> <span class='ocrx_word' id='word_1_46' title='bbox 923 983 1027 1046; x_wconf 90' lang='lat' dir='ltr'><strong>quidem</strong></span> <span class='ocrx_word' id='word_1_47' title='bbox 1047 982 1126 1031; x_wconf 91' lang='lat' dir='ltr'><strong>satius</strong></span> <span class='ocrx_word' id='word_1_48' title='bbox 1144 982 1243 1031; x_wconf 86' lang='lat' dir='ltr'><strong>videtur</strong></span> <span class='ocrx_word' id='word_1_49' title='bbox 1263 980 1358 1044; x_wconf 83' lang='lat' dir='ltr'><strong>legere,</strong></span> 
     </span>
     <span class='ocr_line' id='line_1_6' title="bbox 296 1069 1359 1136; baseline -0.003 -15"><span class='ocrx_word' id='word_1_50' title='bbox 296 1086 343 1121; x_wconf 90' lang='lat' dir='ltr'><strong>seu</strong></span> <span class='ocrx_word' id='word_1_51' title='bbox 352 1071 487 1136; x_wconf 70' lang='lat' dir='ltr'><strong>proferenti</strong></span> <span class='ocrx_word' id='word_1_52' title='bbox 499 1084 545 1121; x_wconf 90' lang='lat' dir='ltr'><strong>seu</strong></span> <span class='ocrx_word' id='word_1_53' title='bbox 562 1071 707 1135; x_wconf 73' lang='lat' dir='ltr'><strong><em>prolatanti.</em></strong></span> <span class='ocrx_word' id='word_1_54' title='bbox 720 1097 751 1107; x_wconf 88' lang='lat'>-</span> <span class='ocrx_word' id='word_1_55' title='bbox 764 1072 817 1121; x_wconf 86' lang='lat' dir='ltr'><strong>Nou</strong></span> <span class='ocrx_word' id='word_1_56' title='bbox 838 1069 916 1120; x_wconf 84' lang='lat' dir='ltr'><strong>refert</strong></span> <span class='ocrx_word' id='word_1_57' title='bbox 928 1072 955 1120; x_wconf 87' lang='lat' dir='ltr'><strong>C.</strong></span> <span class='ocrx_word' id='word_1_58' title='bbox 973 1071 1112 1121; x_wconf 81' lang='lat' dir='ltr'><strong>Gracchum</strong></span> <span class='ocrx_word' id='word_1_59' title='bbox 1130 1071 1226 1120; x_wconf 81' lang='lat' dir='ltr'>dixisse</span> <span class='ocrx_word' id='word_1_60' title='bbox 1246 1070 1329 1119; x_wconf 80' lang='lat' dir='ltr'><strong>mult-la</strong></span> <span class='ocrx_word' id='word_1_61' title='bbox 1345 1082 1359 1118; x_wconf 89' lang='lat' dir='ltr'><strong>a</strong></span> 
     </span>
     <span class='ocr_line' id='line_1_7' title="bbox 296 1158 1358 1216; baseline -0.001 -7"><span class='ocrx_word' id='word_1_62' title='bbox 296 1160 399 1211; x_wconf 84' lang='lat' dir='ltr'><strong>Tiberio</strong></span> <span class='ocrx_word' id='word_1_63' title='bbox 411 1159 489 1211; x_wconf 90' lang='lat' dir='ltr'><strong>lratre</strong></span> <span class='ocrx_word' id='word_1_64' title='bbox 500 1160 526 1209; x_wconf 92' lang='lat' dir='ltr'><strong>in</strong></span> <span class='ocrx_word' id='word_1_65' title='bbox 538 1160 638 1210; x_wconf 91' lang='lat' dir='ltr'><strong>somnio</strong></span> <span class='ocrx_word' id='word_1_66' title='bbox 650 1161 682 1210; x_wconf 92' lang='lat' dir='ltr'><strong>de</strong></span> <span class='ocrx_word' id='word_1_67' title='bbox 694 1158 780 1210; x_wconf 89' lang='lat' dir='ltr'><strong>loturo</strong></span> <span class='ocrx_word' id='word_1_68' title='bbox 793 1159 845 1209; x_wconf 88' lang='lat' dir='ltr'><strong>leto</strong></span> <span class='ocrx_word' id='word_1_69' title='bbox 857 1173 885 1209; x_wconf 91' lang='lat' dir='ltr'><strong>sc</strong></span> <span class='ocrx_word' id='word_1_70' title='bbox 899 1160 1021 1209; x_wconf 87' lang='lat' dir='ltr'><strong>monitum</strong></span> <span class='ocrx_word' id='word_1_71' title='bbox 1033 1158 1122 1216; x_wconf 77' lang='lat' dir='ltr'><strong>luisse,</strong></span> <span class='ocrx_word' id='word_1_72' title='bbox 1134 1160 1179 1209; x_wconf 89' lang='lat' dir='ltr'><strong>sed</strong></span> <span class='ocrx_word' id='word_1_73' title='bbox 1192 1160 1283 1209; x_wconf 83' lang='lat' dir='ltr'><strong>multos</strong></span> <span class='ocrx_word' id='word_1_74' title='bbox 1292 1159 1358 1209; x_wconf 88' lang='lat' dir='ltr'><strong>idem</strong></span> 
     </span>
     <span class='ocr_line' id='line_1_8' title="bbox 298 1249 1359 1313; baseline -0.003 -14"><span class='ocrx_word' id='word_1_75' title='bbox 298 1250 470 1300; x_wconf 91' lang='lat' dir='ltr'><strong>testimonium</strong></span> <span class='ocrx_word' id='word_1_76' title='bbox 484 1250 642 1312; x_wconf 87' lang='lat' dir='ltr'><strong>prodidissc;</strong></span> <span class='ocrx_word' id='word_1_77' title='bbox 655 1250 739 1313; x_wconf 88' lang='lat' dir='ltr'><strong>itaque</strong></span> <span class='ocrx_word' id='word_1_78' title='bbox 752 1263 810 1299; x_wconf 92' lang='lat' dir='ltr'><strong>cum</strong></span> <span class='ocrx_word' id='word_1_79' title='bbox 822 1249 973 1313; x_wconf 81' lang='lat' dir='ltr'><strong>ilottingero</strong></span> <span class='ocrx_word' id='word_1_80' title='bbox 992 1249 1073 1313; x_wconf 82' lang='lat' dir='ltr'><strong>legam</strong></span> <span class='ocrx_word' id='word_1_81' title='bbox 1094 1250 1190 1307; x_wconf 79' lang='lat' dir='ltr'><strong>multos,</strong></span> <span class='ocrx_word' id='word_1_82' title='bbox 1211 1249 1278 1312; x_wconf 84' lang='lat' dir='ltr'><strong>quod</strong></span> <span class='ocrx_word' id='word_1_83' title='bbox 1297 1249 1359 1298; x_wconf 93' lang='lat' dir='ltr'><strong>mihi</strong></span> 
     </span>
     <span class='ocr_line' id='line_1_9' title="bbox 296 1339 1326 1402; baseline -0.002 -15"><span class='ocrx_word' id='word_1_84' title='bbox 296 1340 378 1389; x_wconf 82' lang='lat' dir='ltr'><strong>leuius</strong></span> <span class='ocrx_word' id='word_1_85' title='bbox 390 1340 532 1389; x_wconf 91' lang='lat' dir='ltr'><strong>remedium</strong></span> <span class='ocrx_word' id='word_1_86' title='bbox 544 1339 645 1389; x_wconf 84' lang='lat' dir='ltr'><strong>videtur</strong></span> <span class='ocrx_word' id='word_1_87' title='bbox 657 1347 683 1389; x_wconf 89' lang='lat' dir='ltr'><strong>et</strong></span> <span class='ocrx_word' id='word_1_88' title='bbox 696 1339 750 1389; x_wconf 88' lang='lat' dir='ltr'><strong>veri</strong></span> <span class='ocrx_word' id='word_1_89' title='bbox 761 1339 871 1389; x_wconf 92' lang='lat' dir='ltr'><strong>similius</strong></span> <span class='ocrx_word' id='word_1_90' title='bbox 882 1352 957 1402; x_wconf 86' lang='lat' dir='ltr'><strong>quatu</strong></span> <span class='ocrx_word' id='word_1_91' title='bbox 968 1340 1063 1389; x_wconf 83' lang='lat' dir='ltr'>addere</span> <span class='ocrx_word' id='word_1_92' title='bbox 1075 1339 1145 1388; x_wconf 81' lang='lat' dir='ltr'><strong>illum</strong></span> <span class='ocrx_word' id='word_1_93' title='bbox 1157 1345 1216 1388; x_wconf 88' lang='lat' dir='ltr'><strong>ante</strong></span> <span class='ocrx_word' id='word_1_94' title='bbox 1228 1339 1326 1388; x_wconf 73' lang='lat' dir='ltr'><strong>dixisse.</strong></span> 
     </span>
    </p>

    <p class='ocr_par' dir='ltr' id='par_1_3' title="bbox 296 1429 1360 1837">
     <span class='ocr_line' id='line_1_10' title="bbox 329 1429 1359 1493; baseline 0.001 -16"><span class='ocrx_word' id='word_1_95' title='bbox 329 1430 433 1487; x_wconf 90' lang='lat' dir='ltr'><strong>XXVlll,</strong></span> <span class='ocrx_word' id='word_1_96' title='bbox 452 1430 515 1491; x_wconf 74' lang='lat' dir='ltr'><strong>§aa</strong></span> <span class='ocrx_word' id='word_1_97' title='bbox 534 1430 639 1493; x_wconf 85' lang='lat' dir='ltr'><strong>Legam,</strong></span> <span class='ocrx_word' id='word_1_98' title='bbox 660 1443 718 1479; x_wconf 92' lang='lat' dir='ltr'><strong>cum</strong></span> <span class='ocrx_word' id='word_1_99' title='bbox 732 1430 760 1478; x_wconf 80' lang='lat' dir='ltr'><strong>F.</strong></span> <span class='ocrx_word' id='word_1_100' title='bbox 774 1434 803 1479; x_wconf 85' lang='grc' dir='ltr'><strong>Α.</strong></span> <span class='ocrx_word' id='word_1_101' title='bbox 825 1429 937 1479; x_wconf 88' lang='lat' dir='ltr'><strong>Wolfio:</strong></span> <span class='ocrx_word' id='word_1_102' title='bbox 954 1452 962 1471; x_wconf 66' lang='lat' dir='ltr'><strong>a</strong></span> <span class='ocrx_word' id='word_1_103' title='bbox 978 1437 1047 1479; x_wconf 88' lang='lat' dir='ltr'><strong>arcte</strong></span> <span class='ocrx_word' id='word_1_104' title='bbox 1068 1437 1092 1479; x_wconf 89' lang='lat' dir='ltr'><strong>te</strong></span> <span class='ocrx_word' id='word_1_105' title='bbox 1106 1435 1131 1479; x_wconf 88' lang='lat' dir='ltr'><strong>et</strong></span> <span class='ocrx_word' id='word_1_106' title='bbox 1146 1430 1259 1492; x_wconf 78' lang='lat' dir='ltr'><strong>graviter</strong></span> <span class='ocrx_word' id='word_1_107' title='bbox 1274 1449 1294 1487; x_wconf 82' lang='lat'><strong>»,</strong></span> <span class='ocrx_word' id='word_1_108' title='bbox 1313 1443 1359 1491; x_wconf 90' lang='lat' dir='ltr'><strong>pro</strong></span> 
     </span>
     <span class='ocr_line' id='line_1_11' title="bbox 298 1518 1360 1583; baseline 0.002 -18"><span class='ocrx_word' id='word_1_109' title='bbox 298 1518 366 1582; x_wconf 79' lang='lat' dir='ltr'><strong>vulg.</strong></span> <span class='ocrx_word' id='word_1_110' title='bbox 382 1540 392 1561; x_wconf 80' lang='grc' dir='ltr'>ι</span> <span class='ocrx_word' id='word_1_111' title='bbox 406 1526 460 1568; x_wconf 90' lang='lat' dir='ltr'><strong>arte</strong></span> <span class='ocrx_word' id='word_1_112' title='bbox 480 1528 506 1569; x_wconf 89' lang='lat' dir='ltr'><strong>et</strong></span> <span class='ocrx_word' id='word_1_113' title='bbox 524 1520 637 1582; x_wconf 82' lang='lat' dir='ltr'><strong>grauiter</strong></span> <span class='ocrx_word' id='word_1_114' title='bbox 651 1539 674 1566; x_wconf 85' lang='lat'><strong>».</strong></span> <span class='ocrx_word' id='word_1_115' title='bbox 695 1519 764 1569; x_wconf 92' lang='lat' dir='ltr'><strong>ldem</strong></span> <span class='ocrx_word' id='word_1_116' title='bbox 785 1520 883 1570; x_wconf 89' lang='lat' dir='ltr'><strong>monuit</strong></span> <span class='ocrx_word' id='word_1_117' title='bbox 895 1533 953 1569; x_wconf 92' lang='lat' dir='ltr'><strong>esse</strong></span> <span class='ocrx_word' id='word_1_118' title='bbox 973 1519 1109 1583; x_wconf 83' lang='lat' dir='ltr'><strong>legendum</strong></span> <span class='ocrx_word' id='word_1_119' title='bbox 1124 1540 1133 1562; x_wconf 70' lang='grc' dir='ltr'><strong>α</strong></span> <span class='ocrx_word' id='word_1_120' title='bbox 1148 1534 1173 1568; x_wconf 81' lang='lat' dir='ltr'><strong>sc</strong></span> <span class='ocrx_word' id='word_1_121' title='bbox 1186 1526 1270 1569; x_wconf 87' lang='lat' dir='ltr'><strong>tamen</strong></span> <span class='ocrx_word' id='word_1_122' title='bbox 1285 1539 1306 1576; x_wconf 82' lang='grc'><strong>»,</strong></span> <span class='ocrx_word' id='word_1_123' title='bbox 1319 1518 1360 1567; x_wconf 89' lang='lat' dir='ltr'><strong>cui</strong></span> 
     </span>
     <span class='ocr_line' id='line_1_12' title="bbox 296 1607 1360 1671; baseline -0.002 -14"><span class='ocrx_word' id='word_1_124' title='bbox 296 1608 423 1658; x_wconf 84' lang='lat' dir='ltr'><strong>Christius</strong></span> <span class='ocrx_word' id='word_1_125' title='bbox 436 1608 460 1656; x_wconf 95' lang='lat' dir='ltr'><strong>in</strong></span> <span class='ocrx_word' id='word_1_126' title='bbox 472 1609 514 1658; x_wconf 91' lang='lat' dir='ltr'><strong>ed.</strong></span> <span class='ocrx_word' id='word_1_127' title='bbox 532 1610 591 1657; x_wconf 76' lang='lat' dir='ltr'><strong>Tur.</strong></span> <span class='ocrx_word' id='word_1_128' title='bbox 605 1616 631 1657; x_wconf 91' lang='lat' dir='ltr'><strong>et</strong></span> <span class='ocrx_word' id='word_1_129' title='bbox 652 1608 744 1658; x_wconf 80' lang='lat' dir='ltr'><strong>baller.</strong></span> <span class='ocrx_word' id='word_1_130' title='bbox 762 1609 788 1657; x_wconf 93' lang='lat' dir='ltr'><strong>in</strong></span> <span class='ocrx_word' id='word_1_131' title='bbox 800 1609 843 1658; x_wconf 89' lang='lat' dir='ltr'><strong>ed.</strong></span> <span class='ocrx_word' id='word_1_132' title='bbox 863 1609 932 1671; x_wconf 90' lang='lat' dir='ltr'><strong>Lips.</strong></span> <span class='ocrx_word' id='word_1_133' title='bbox 952 1608 1201 1671; x_wconf 89' lang='lat' dir='ltr'><strong>obtemperaverunt.</strong></span> <span class='ocrx_word' id='word_1_134' title='bbox 1229 1607 1360 1657; x_wconf 90' lang='lat' dir='ltr'><strong>Verisimi-</strong></span> 
     </span>
     <span class='ocr_line' id='line_1_13' title="bbox 297 1697 1359 1761; baseline -0.002 -14"><span class='ocrx_word' id='word_1_135' title='bbox 297 1698 439 1747; x_wconf 91' lang='lat' dir='ltr'><strong>liusautem</strong></span> <span class='ocrx_word' id='word_1_136' title='bbox 458 1699 484 1747; x_wconf 85' lang='lat' dir='ltr'><strong>C.</strong></span> <span class='ocrx_word' id='word_1_137' title='bbox 498 1698 526 1746; x_wconf 84' lang='lat' dir='ltr'><strong>F.</strong></span> <span class='ocrx_word' id='word_1_138' title='bbox 546 1698 587 1746; x_wconf 87' lang='lat' dir='ltr'><strong>W.</strong></span> <span class='ocrx_word' id='word_1_139' title='bbox 608 1697 707 1748; x_wconf 84' lang='lat' dir='ltr'><strong>hliiller.</strong></span> <span class='ocrx_word' id='word_1_140' title='bbox 725 1698 794 1747; x_wconf 89' lang='lat' dir='ltr'><strong>malit</strong></span> <span class='ocrx_word' id='word_1_141' title='bbox 809 1719 818 1740; x_wconf 71' lang='grc' dir='ltr'>ι</span> <span class='ocrx_word' id='word_1_142' title='bbox 838 1698 949 1747; x_wconf 91' lang='lat' dir='ltr'><strong>dormire</strong></span> <span class='ocrx_word' id='word_1_143' title='bbox 975 1702 998 1746; x_wconf 89' lang='lat' dir='ltr'><strong>te</strong></span> <span class='ocrx_word' id='word_1_144' title='bbox 1010 1698 1129 1761; x_wconf 72' lang='lat' dir='ltr'><strong>coepisse,</strong></span> <span class='ocrx_word' id='word_1_145' title='bbox 1142 1705 1219 1746; x_wconf 79' lang='lat' dir='ltr'><strong>eto.»</strong></span> <span class='ocrx_word' id='word_1_146' title='bbox 1241 1704 1267 1747; x_wconf 91' lang='lat' dir='ltr'><strong>et</strong></span> <span class='ocrx_word' id='word_1_147' title='bbox 1281 1718 1292 1740; x_wconf 78' lang='grc' dir='ltr'>ι</span> <span class='ocrx_word' id='word_1_148' title='bbox 1305 1698 1359 1747; x_wconf 86' lang='lat' dir='ltr'><strong>ius-</strong></span> 
     </span>
     <span class='ocr_line' id='line_1_14' title="bbox 296 1787 434 1837; baseline -0.014 0"><span class='ocrx_word' id='word_1_149' title='bbox 296 1787 362 1837; x_wconf 85' lang='lat' dir='ltr'>sisse</span> <span class='ocrx_word' id='word_1_150' title='bbox 374 1801 434 1835; x_wconf 80' lang='lat' dir='ltr'><strong>ac.»</strong></span> 
     </span>
    </p>

    <p class='ocr_par' dir='ltr' id='par_1_4' title="bbox 296 1875 1360 2116">
     <span class='ocr_line' id='line_1_15' title="bbox 329 1875 1358 1940; baseline -0.001 -15"><span class='ocrx_word' id='word_1_151' title='bbox 329 1876 413 1935; x_wconf 75' lang='lat' dir='ltr'><strong>XXXX,</strong></span> <span class='ocrx_word' id='word_1_152' title='bbox 432 1876 496 1940; x_wconf 73' lang='lat'><strong>§65-</strong></span> <span class='ocrx_word' id='word_1_153' title='bbox 514 1877 608 1926; x_wconf 91' lang='lat' dir='ltr'><strong>Locum</strong></span> <span class='ocrx_word' id='word_1_154' title='bbox 620 1876 812 1940; x_wconf 84' lang='lat' dir='ltr'><strong>grammaticum</strong></span> <span class='ocrx_word' id='word_1_155' title='bbox 826 1892 832 1923; x_wconf 75' lang='grc' dir='ltr'>ε</span> <span class='ocrx_word' id='word_1_156' title='bbox 849 1897 859 1918; x_wconf 77' lang='grc' dir='ltr'>ι</span> <span class='ocrx_word' id='word_1_157' title='bbox 873 1876 962 1939; x_wconf 82' lang='lat' dir='ltr'><strong>Sagire</strong></span> <span class='ocrx_word' id='word_1_158' title='bbox 974 1876 1043 1925; x_wconf 94' lang='lat' dir='ltr'><strong>enim</strong></span> <span class='ocrx_word' id='word_1_159' title='bbox 1056 1875 1152 1925; x_wconf 78' lang='lat' dir='ltr'><strong>semiue</strong></span> <span class='ocrx_word' id='word_1_160' title='bbox 1164 1882 1239 1926; x_wconf 91' lang='lat' dir='ltr'><strong>acute</strong></span> <span class='ocrx_word' id='word_1_161' title='bbox 1256 1882 1297 1925; x_wconf 91' lang='lat' dir='ltr'><strong>est</strong></span> <span class='ocrx_word' id='word_1_162' title='bbox 1300 1911 1358 1924; x_wconf 92' lang='lat'><em>......</em></span> 
     </span>
     <span class='ocr_line' id='line_1_16' title="bbox 296 1964 1360 2029; baseline -0.001 -15"><span class='ocrx_word' id='word_1_163' title='bbox 296 1966 379 2015; x_wconf 86' lang='lat' dir='ltr'><strong>lutura</strong></span> <span class='ocrx_word' id='word_1_164' title='bbox 392 1972 451 2015; x_wconf 90' lang='lat' dir='ltr'><strong>ante</strong></span> <span class='ocrx_word' id='word_1_165' title='bbox 463 1965 558 2015; x_wconf 90' lang='lat' dir='ltr'><strong>sentire</strong></span> <span class='ocrx_word' id='word_1_166' title='bbox 572 1986 582 2006; x_wconf 73' lang='grc' dir='ltr'><strong><em>ι</em></strong></span> <span class='ocrx_word' id='word_1_167' title='bbox 596 1965 628 2014; x_wconf 91' lang='lat' dir='ltr'><strong>ab</strong></span> <span class='ocrx_word' id='word_1_168' title='bbox 642 1965 793 2029; x_wconf 80' lang='lat' dir='ltr'><strong>llottingero</strong></span> <span class='ocrx_word' id='word_1_169' title='bbox 805 1966 830 2014; x_wconf 94' lang='lat' dir='ltr'><strong>in</strong></span> <span class='ocrx_word' id='word_1_170' title='bbox 843 1964 1015 2028; x_wconf 85' lang='lat' dir='ltr'><strong>suspicionem</strong></span> <span class='ocrx_word' id='word_1_171' title='bbox 1033 1965 1123 2015; x_wconf 89' lang='lat' dir='ltr'><strong>merito</strong></span> <span class='ocrx_word' id='word_1_172' title='bbox 1142 1971 1256 2015; x_wconf 90' lang='lat' dir='ltr'><strong>vocatum</strong></span> <span class='ocrx_word' id='word_1_173' title='bbox 1275 1964 1360 2014; x_wconf 86' lang='lat' dir='ltr'><strong>Baite-</strong></span> 
     </span>
     <span class='ocr_line' id='line_1_17' title="bbox 297 2054 642 2116; baseline -0.009 -13"><span class='ocrx_word' id='word_1_174' title='bbox 297 2066 341 2103; x_wconf 92' lang='lat' dir='ltr'><strong>rus</strong></span> <span class='ocrx_word' id='word_1_175' title='bbox 352 2054 378 2101; x_wconf 92' lang='lat' dir='ltr'><strong>in</strong></span> <span class='ocrx_word' id='word_1_176' title='bbox 391 2054 431 2105; x_wconf 92' lang='lat' dir='ltr'><strong>ed.</strong></span> <span class='ocrx_word' id='word_1_177' title='bbox 446 2054 514 2116; x_wconf 88' lang='lat' dir='ltr'><strong>Lips.</strong></span> <span class='ocrx_word' id='word_1_178' title='bbox 528 2054 642 2104; x_wconf 74' lang='lat' dir='ltr'><strong>seclusit.</strong></span> 
     </span>
    </p>

    <p class='ocr_par' dir='ltr' id='par_1_5' title="bbox 296 2142 1360 3013">
     <span class='ocr_line' id='line_1_18' title="bbox 328 2142 1359 2208; baseline 0.002 -16"><span class='ocrx_word' id='word_1_179' title='bbox 328 2143 424 2205; x_wconf 94' lang='lat' dir='ltr'><strong>XXXll‚</strong></span> <span class='ocrx_word' id='word_1_180' title='bbox 443 2142 507 2206; x_wconf 70' lang='lat'>568.</span> <span class='ocrx_word' id='word_1_181' title='bbox 525 2143 620 2205; x_wconf 84' lang='lat' dir='ltr'><strong>Opinon</strong></span> <span class='ocrx_word' id='word_1_182' title='bbox 630 2144 738 2193; x_wconf 87' lang='lat' dir='ltr'><strong>Tullium</strong></span> <span class='ocrx_word' id='word_1_183' title='bbox 749 2144 884 2207; x_wconf 78' lang='lat' dir='ltr'><strong>scripsisse</strong></span> <span class='ocrx_word' id='word_1_184' title='bbox 898 2160 904 2191; x_wconf 74' lang='grc' dir='ltr'><strong><em>ι</em></strong></span> <span class='ocrx_word' id='word_1_185' title='bbox 920 2163 929 2186; x_wconf 79' lang='grc' dir='ltr'>ι</span> <span class='ocrx_word' id='word_1_186' title='bbox 949 2144 995 2193; x_wconf 91' lang='lat' dir='ltr'><strong>sed</strong></span> <span class='ocrx_word' id='word_1_187' title='bbox 1011 2143 1106 2205; x_wconf 73' lang='lat' dir='ltr'><strong>factum</strong></span> <span class='ocrx_word' id='word_1_188' title='bbox 1123 2144 1238 2195; x_wconf 91' lang='lat' dir='ltr'><strong>eiusdem</strong></span> <span class='ocrx_word' id='word_1_189' title='bbox 1257 2144 1359 2208; x_wconf 85' lang='lat' dir='ltr'><strong>generis</strong></span> 
     </span>
     <span class='ocr_line' id='line_1_19' title="bbox 296 2232 1359 2298; baseline 0.001 -15"><span class='ocrx_word' id='word_1_190' title='bbox 296 2233 382 2283; x_wconf 86' lang='lat' dir='ltr'><strong>andivi</strong></span> <span class='ocrx_word' id='word_1_191' title='bbox 396 2255 417 2291; x_wconf 84' lang='lat'><strong>»‚</strong></span> <span class='ocrx_word' id='word_1_192' title='bbox 430 2233 515 2296; x_wconf 91' lang='lat' dir='ltr'><strong>potius</strong></span> <span class='ocrx_word' id='word_1_193' title='bbox 526 2246 601 2297; x_wconf 88' lang='lat' dir='ltr'><strong>quam</strong></span> <span class='ocrx_word' id='word_1_194' title='bbox 612 2232 718 2295; x_wconf 63' lang='lat' dir='ltr'><strong>foetam·</strong></span> <span class='ocrx_word' id='word_1_195' title='bbox 731 2236 798 2298; x_wconf 87' lang='lat' dir='ltr'><strong>quod</strong></span> <span class='ocrx_word' id='word_1_196' title='bbox 812 2234 972 2298; x_wconf 81' lang='lat' dir='ltr'><strong>participium</strong></span> <span class='ocrx_word' id='word_1_197' title='bbox 989 2234 1030 2283; x_wconf 81' lang='lat' dir='ltr'><strong>nix</strong></span> <span class='ocrx_word' id='word_1_198' title='bbox 1040 2235 1112 2298; x_wconf 85' lang='lat' dir='ltr'><strong>jungi</strong></span> <span class='ocrx_word' id='word_1_199' title='bbox 1132 2241 1217 2298; x_wconf 88' lang='lat' dir='ltr'><strong>potest</strong></span> <span class='ocrx_word' id='word_1_200' title='bbox 1228 2248 1286 2284; x_wconf 91' lang='lat' dir='ltr'><strong>cum</strong></span> <span class='ocrx_word' id='word_1_201' title='bbox 1305 2234 1359 2285; x_wconf 88' lang='lat' dir='ltr'><strong>lor-</strong></span> 
     </span>
     <span class='ocr_line' id='line_1_20' title="bbox 296 2323 1359 2387; baseline 0 -14"><span class='ocrx_word' id='word_1_202' title='bbox 296 2324 364 2373; x_wconf 88' lang='lat' dir='ltr'><strong>mula</strong></span> <span class='ocrx_word' id='word_1_203' title='bbox 376 2343 390 2367; x_wconf 74' lang='grc' dir='ltr'>ι</span> <span class='ocrx_word' id='word_1_204' title='bbox 403 2323 518 2373; x_wconf 92' lang='lat' dir='ltr'><strong>eiusdem</strong></span> <span class='ocrx_word' id='word_1_205' title='bbox 531 2323 634 2386; x_wconf 83' lang='lat' dir='ltr'><strong>generis</strong></span> <span class='ocrx_word' id='word_1_206' title='bbox 649 2338 674 2384; x_wconf 81' lang='lat'><strong>»;</strong></span> <span class='ocrx_word' id='word_1_207' title='bbox 689 2323 779 2373; x_wconf 89' lang='lat' dir='ltr'><strong>melius</strong></span> <span class='ocrx_word' id='word_1_208' title='bbox 790 2332 875 2373; x_wconf 88' lang='lat' dir='ltr'><strong>autem</strong></span> <span class='ocrx_word' id='word_1_209' title='bbox 887 2337 979 2374; x_wconf 92' lang='lat' dir='ltr'><strong>nomen</strong></span> <span class='ocrx_word' id='word_1_210' title='bbox 991 2324 1087 2386; x_wconf 76' lang='lat' dir='ltr'><strong>factum</strong></span> <span class='ocrx_word' id='word_1_211' title='bbox 1098 2325 1235 2387; x_wconf 90' lang='lat' dir='ltr'><strong>opponitur</strong></span> <span class='ocrx_word' id='word_1_212' title='bbox 1246 2324 1359 2373; x_wconf 78' lang='lat' dir='ltr'><strong>rcicom·</strong></span> 
     </span>
     <span class='ocr_line' id='line_1_21' title="bbox 296 2412 1360 2483; baseline 0.001 -22"><span class='ocrx_word' id='word_1_213' title='bbox 296 2413 424 2470; x_wconf 80' lang='lat' dir='ltr'><strong>menticioe,</strong></span> <span class='ocrx_word' id='word_1_214' title='bbox 450 2424 525 2475; x_wconf 89' lang='lat' dir='ltr'><strong>quam</strong></span> <span class='ocrx_word' id='word_1_215' title='bbox 551 2412 711 2483; x_wconf 84' lang='lat' dir='ltr'><strong>participium</strong></span> <span class='ocrx_word' id='word_1_216' title='bbox 733 2413 800 2475; x_wconf 76' lang='lat' dir='ltr'><strong>facto</strong></span> <span class='ocrx_word' id='word_1_217' title='bbox 825 2414 877 2476; x_wconf 85' lang='lat' dir='ltr'><strong>adj.</strong></span> <span class='ocrx_word' id='word_1_218' title='bbox 899 2414 1082 2472; x_wconf 83' lang='lat' dir='ltr'><strong>comrrtentlclu,¹</strong></span> <span class='ocrx_word' id='word_1_219' title='bbox 1101 2414 1173 2477; x_wconf 85' lang='lat' dir='ltr'><strong>cujus</strong></span> <span class='ocrx_word' id='word_1_220' title='bbox 1192 2414 1360 2476; x_wconf 90' lang='lat' dir='ltr'><strong>oppositionis</strong></span> 
     </span>
     <span class='ocr_line' id='line_1_22' title="bbox 296 2501 1359 2565; baseline 0.002 -15"><span class='ocrx_word' id='word_1_221' title='bbox 296 2501 412 2564; x_wconf 85' lang='lat' dir='ltr'><strong>exempla</strong></span> <span class='ocrx_word' id='word_1_222' title='bbox 423 2501 577 2551; x_wconf 88' lang='lat' dir='ltr'><strong>desiderem.</strong></span> <span class='ocrx_word' id='word_1_223' title='bbox 592 2529 621 2537; x_wconf 89' lang='lat'><em>-</em></span> <span class='ocrx_word' id='word_1_224' title='bbox 634 2501 715 2550; x_wconf 89' lang='lat' dir='ltr'><strong>Verba</strong></span> <span class='ocrx_word' id='word_1_225' title='bbox 729 2523 740 2545; x_wconf 85' lang='lat'><strong>‹</strong></span> <span class='ocrx_word' id='word_1_226' title='bbox 754 2516 811 2552; x_wconf 92' lang='lat' dir='ltr'><strong>cum</strong></span> <span class='ocrx_word' id='word_1_227' title='bbox 824 2503 906 2564; x_wconf 92' lang='lat' dir='ltr'><strong>primo</strong></span> <span class='ocrx_word' id='word_1_228' title='bbox 922 2523 931 2544; x_wconf 66' lang='lat' dir='ltr'><strong>n</strong></span> <span class='ocrx_word' id='word_1_229' title='bbox 947 2502 1009 2551; x_wconf 94' lang='lat' dir='ltr'><strong>mihi</strong></span> <span class='ocrx_word' id='word_1_230' title='bbox 1022 2501 1150 2564; x_wconf 83' lang='lat' dir='ltr'><strong>videntur,</strong></span> <span class='ocrx_word' id='word_1_231' title='bbox 1163 2503 1272 2565; x_wconf 90' lang='lat' dir='ltr'><strong>quodam</strong></span> <span class='ocrx_word' id='word_1_232' title='bbox 1285 2516 1359 2552; x_wconf 88' lang='lat' dir='ltr'><strong>erro-</strong></span> 
     </span>
     <span class='ocr_line' id='line_1_23' title="bbox 296 2591 1358 2654; baseline 0 -15"><span class='ocrx_word' id='word_1_233' title='bbox 296 2604 325 2640; x_wconf 91' lang='lat' dir='ltr'><strong>re</strong></span> <span class='ocrx_word' id='word_1_234' title='bbox 338 2591 378 2640; x_wconf 84' lang='lat' dir='ltr'><strong>vel</strong></span> <span class='ocrx_word' id='word_1_235' title='bbox 398 2604 468 2650; x_wconf 86' lang='lat' dir='ltr'><strong>casu,</strong></span> <span class='ocrx_word' id='word_1_236' title='bbox 488 2592 642 2654; x_wconf 88' lang='lat' dir='ltr'><strong>esuperiori</strong></span> <span class='ocrx_word' id='word_1_237' title='bbox 662 2605 737 2641; x_wconf 82' lang='lat' dir='ltr'><strong>versu</strong></span> <span class='ocrx_word' id='word_1_238' title='bbox 758 2591 825 2640; x_wconf 89' lang='lat' dir='ltr'><strong>illata</strong></span> <span class='ocrx_word' id='word_1_239' title='bbox 846 2604 903 2641; x_wconf 89' lang='lat' dir='ltr'><strong>esse</strong></span> <span class='ocrx_word' id='word_1_240' title='bbox 920 2598 1004 2641; x_wconf 83' lang='lat' dir='ltr'><strong>aute«</strong></span> <span class='ocrx_word' id='word_1_241' title='bbox 1023 2591 1174 2654; x_wconf 77' lang='lat' dir='ltr'><strong>prudentem</strong></span> <span class='ocrx_word' id='word_1_242' title='bbox 1194 2591 1322 2641; x_wconf 89' lang='lat' dir='ltr'><strong>hominem</strong></span> <span class='ocrx_word' id='word_1_243' title='bbox 1337 2611 1358 2653; x_wconf 75' lang='grc' dir='ltr'><strong>ι,</strong></span> 
     </span>
     <span class='ocr_line' id='line_1_24' title="bbox 298 2679 1356 2744; baseline 0.002 -15"><span class='ocrx_word' id='word_1_244' title='bbox 298 2679 341 2729; x_wconf 94' lang='lat' dir='ltr'><strong>ubi</strong></span> <span class='ocrx_word' id='word_1_245' title='bbox 353 2680 493 2742; x_wconf 86' lang='lat' dir='ltr'><strong>abundant,</strong></span> <span class='ocrx_word' id='word_1_246' title='bbox 506 2693 588 2743; x_wconf 88' lang='lat' dir='ltr'><strong>neque</strong></span> <span class='ocrx_word' id='word_1_247' title='bbox 601 2679 673 2729; x_wconf 88' lang='lat' dir='ltr'><strong>lacile</strong></span> <span class='ocrx_word' id='word_1_248' title='bbox 685 2680 876 2744; x_wconf 79' lang='lat' dir='ltr'><strong>intelliguntur3</strong></span> <span class='ocrx_word' id='word_1_249' title='bbox 894 2680 988 2731; x_wconf 89' lang='lat' dir='ltr'><strong>etenim</strong></span> <span class='ocrx_word' id='word_1_250' title='bbox 1008 2681 1140 2731; x_wconf 83' lang='lat' dir='ltr'><strong>formulam</strong></span> <span class='ocrx_word' id='word_1_251' title='bbox 1155 2702 1165 2722; x_wconf 80' lang='grc' dir='ltr'>ι</span> <span class='ocrx_word' id='word_1_252' title='bbox 1180 2694 1238 2729; x_wconf 91' lang='lat' dir='ltr'><strong>cum</strong></span> <span class='ocrx_word' id='word_1_253' title='bbox 1251 2680 1332 2742; x_wconf 92' lang='lat' dir='ltr'><strong>primo</strong></span> <span class='ocrx_word' id='word_1_254' title='bbox 1347 2700 1356 2721; x_wconf 64' lang='grc' dir='ltr'><em>ν</em></span> 
     </span>
     <span class='ocr_line' id='line_1_25' title="bbox 297 2769 1359 2834; baseline 0.001 -16"><span class='ocrx_word' id='word_1_255' title='bbox 297 2783 344 2832; x_wconf 90' lang='lat' dir='ltr'><strong>pro</strong></span> <span class='ocrx_word' id='word_1_256' title='bbox 355 2770 476 2834; x_wconf 78' lang='lat' dir='ltr'><strong>imprimis</strong></span> <span class='ocrx_word' id='word_1_257' title='bbox 489 2771 537 2821; x_wconf 89' lang='lat' dir='ltr'><strong>hoc</strong></span> <span class='ocrx_word' id='word_1_258' title='bbox 549 2771 625 2821; x_wconf 87' lang='lat' dir='ltr'><strong>unico</strong></span> <span class='ocrx_word' id='word_1_259' title='bbox 635 2771 752 2833; x_wconf 80' lang='lat' dir='ltr'><strong>exemplo</strong></span> <span class='ocrx_word' id='word_1_260' title='bbox 765 2771 911 2821; x_wconf 80' lang='lat' dir='ltr'><strong>confirmari</strong></span> <span class='ocrx_word' id='word_1_261' title='bbox 923 2784 998 2834; x_wconf 91' lang='lat' dir='ltr'><strong>posse</strong></span> <span class='ocrx_word' id='word_1_262' title='bbox 1011 2784 1062 2821; x_wconf 90' lang='lat' dir='ltr'><strong>uon</strong></span> <span class='ocrx_word' id='word_1_263' title='bbox 1075 2776 1145 2833; x_wconf 89' lang='lat' dir='ltr'><strong>puto.</strong></span> <span class='ocrx_word' id='word_1_264' title='bbox 1161 2769 1255 2820; x_wconf 83' lang='lat' dir='ltr'><strong>Crebra</strong></span> <span class='ocrx_word' id='word_1_265' title='bbox 1273 2776 1299 2819; x_wconf 93' lang='lat' dir='ltr'><strong>et</strong></span> <span class='ocrx_word' id='word_1_266' title='bbox 1317 2769 1359 2819; x_wconf 90' lang='lat' dir='ltr'><strong>di-</strong></span> 
     </span>
     <span class='ocr_line' id='line_1_26' title="bbox 299 2859 1359 2924; baseline 0.002 -17"><span class='ocrx_word' id='word_1_267' title='bbox 299 2871 373 2908; x_wconf 86' lang='lat' dir='ltr'><strong>versa</strong></span> <span class='ocrx_word' id='word_1_268' title='bbox 385 2859 482 2908; x_wconf 92' lang='lat' dir='ltr'><strong>suntin</strong></span> <span class='ocrx_word' id='word_1_269' title='bbox 495 2860 628 2910; x_wconf 86' lang='lat' dir='ltr'><strong>codicibus</strong></span> <span class='ocrx_word' id='word_1_270' title='bbox 640 2860 710 2910; x_wconf 82' lang='lat' dir='ltr'><strong>nocis</strong></span> <span class='ocrx_word' id='word_1_271' title='bbox 719 2860 800 2924; x_wconf 82' lang='lat' dir='ltr'><strong>primo</strong></span> <span class='ocrx_word' id='word_1_272' title='bbox 812 2860 887 2923; x_wconf 82' lang='lat' dir='ltr'><strong>sigla,</strong></span> <span class='ocrx_word' id='word_1_273' title='bbox 901 2860 968 2910; x_wconf 91' lang='lat' dir='ltr'><strong>unde</strong></span> <span class='ocrx_word' id='word_1_274' title='bbox 980 2860 1096 2910; x_wconf 87' lang='lat' dir='ltr'><strong>conlusio</strong></span> <span class='ocrx_word' id='word_1_275' title='bbox 1108 2859 1182 2909; x_wconf 79' lang='lat' dir='ltr'><strong>facile</strong></span> <span class='ocrx_word' id='word_1_276' title='bbox 1194 2866 1249 2909; x_wconf 89' lang='lat' dir='ltr'><strong>orta</strong></span> <span class='ocrx_word' id='word_1_277' title='bbox 1267 2866 1307 2908; x_wconf 91' lang='lat' dir='ltr'><strong>est</strong></span> <span class='ocrx_word' id='word_1_278' title='bbox 1315 2872 1359 2909; x_wconf 87' lang='lat' dir='ltr'><strong>vo·</strong></span> 
     </span>
     <span class='ocr_line' id='line_1_27' title="bbox 296 2949 619 3013; baseline -0.006 -15"><span class='ocrx_word' id='word_1_279' title='bbox 296 2962 355 2998; x_wconf 89' lang='lat' dir='ltr'><strong>cum</strong></span> <span class='ocrx_word' id='word_1_280' title='bbox 366 2949 481 3012; x_wconf 86' lang='lat' dir='ltr'><strong>proetort&#39;o</strong></span> <span class='ocrx_word' id='word_1_281' title='bbox 493 2956 520 2998; x_wconf 91' lang='lat' dir='ltr'><strong>et</strong></span> <span class='ocrx_word' id='word_1_282' title='bbox 529 2950 619 3013; x_wconf 76' lang='lat' dir='ltr'><strong>primo.</strong></span> 
     </span>
    </p>

    <p class='ocr_par' dir='ltr' id='par_1_6' title="bbox 297 3037 1360 3282">
     <span class='ocr_line' id='line_1_28' title="bbox 328 3037 1360 3103; baseline 0 -16"><span class='ocrx_word' id='word_1_283' title='bbox 328 3038 436 3096; x_wconf 92' lang='lat' dir='ltr'><strong>XXXlll,</strong></span> <span class='ocrx_word' id='word_1_284' title='bbox 454 3038 519 3102; x_wconf 66' lang='lat'><strong>572.</strong></span> <span class='ocrx_word' id='word_1_285' title='bbox 537 3038 625 3089; x_wconf 81' lang='lat' dir='ltr'><strong>Subito</strong></span> <span class='ocrx_word' id='word_1_286' title='bbox 638 3039 699 3087; x_wconf 91' lang='lat' dir='ltr'><strong>nihil</strong></span> <span class='ocrx_word' id='word_1_287' title='bbox 718 3038 863 3089; x_wconf 89' lang='lat' dir='ltr'><strong>aliudesse</strong></span> <span class='ocrx_word' id='word_1_288' title='bbox 884 3039 983 3089; x_wconf 89' lang='lat' dir='ltr'><strong>videtur</strong></span> <span class='ocrx_word' id='word_1_289' title='bbox 1004 3051 1078 3103; x_wconf 89' lang='lat' dir='ltr'><strong>quam</strong></span> <span class='ocrx_word' id='word_1_290' title='bbox 1098 3038 1224 3101; x_wconf 83' lang='lat' dir='ltr'><strong>glossema</strong></span> <span class='ocrx_word' id='word_1_291' title='bbox 1247 3037 1360 3088; x_wconf 90' lang='lat' dir='ltr'><strong>lormulae</strong></span> 
     </span>
     <span class='ocr_line' id='line_1_29' title="bbox 298 3127 1359 3193; baseline -0.002 -15"><span class='ocrx_word' id='word_1_292' title='bbox 298 3150 309 3172; x_wconf 75' lang='grc' dir='ltr'>ι</span> <span class='ocrx_word' id='word_1_293' title='bbox 323 3142 355 3178; x_wconf 87' lang='lat' dir='ltr'><strong>ex</strong></span> <span class='ocrx_word' id='word_1_294' title='bbox 369 3136 483 3191; x_wconf 87' lang='lat' dir='ltr'><strong>tempore</strong></span> <span class='ocrx_word' id='word_1_295' title='bbox 499 3148 520 3177; x_wconf 70' lang='grc' dir='ltr'><strong>ι.</strong></span> <span class='ocrx_word' id='word_1_296' title='bbox 533 3129 715 3179; x_wconf 85' lang='lat' dir='ltr'><strong>—Prouomen</strong></span> <span class='ocrx_word' id='word_1_297' title='bbox 737 3129 786 3193; x_wconf 81' lang='lat' dir='ltr'><strong>qui,</strong></span> <span class='ocrx_word' id='word_1_298' title='bbox 812 3136 870 3191; x_wconf 93' lang='lat' dir='ltr'><strong>post</strong></span> <span class='ocrx_word' id='word_1_299' title='bbox 883 3128 993 3185; x_wconf 79' lang='lat' dir='ltr'><strong>Colchas,</strong></span> <span class='ocrx_word' id='word_1_300' title='bbox 1008 3127 1142 3177; x_wconf 82' lang='lat' dir='ltr'><strong>Ernestius</strong></span> <span class='ocrx_word' id='word_1_301' title='bbox 1152 3127 1288 3177; x_wconf 92' lang='lat' dir='ltr'><strong>delendum</strong></span> <span class='ocrx_word' id='word_1_302' title='bbox 1301 3140 1359 3176; x_wconf 91' lang='lat' dir='ltr'><strong>esse</strong></span> 
     </span>
     <span class='ocr_line' id='line_1_30' title="bbox 297 3217 1341 3282; baseline -0.001 -15"><span class='ocrx_word' id='word_1_303' title='bbox 297 3219 405 3279; x_wconf 89' lang='lat' dir='ltr'><strong>monuit,</strong></span> <span class='ocrx_word' id='word_1_304' title='bbox 417 3231 474 3282; x_wconf 74' lang='lat' dir='ltr'><strong>quae</strong></span> <span class='ocrx_word' id='word_1_305' title='bbox 485 3219 612 3268; x_wconf 90' lang='lat' dir='ltr'><strong>correctio</strong></span> <span class='ocrx_word' id='word_1_306' title='bbox 623 3217 656 3267; x_wconf 90' lang='lat' dir='ltr'><strong>ab</strong></span> <span class='ocrx_word' id='word_1_307' title='bbox 668 3218 810 3269; x_wconf 83' lang='lat' dir='ltr'><strong>editoribus</strong></span> <span class='ocrx_word' id='word_1_308' title='bbox 822 3218 1009 3269; x_wconf 89' lang='lat' dir='ltr'><strong>recentioribus</strong></span> <span class='ocrx_word' id='word_1_309' title='bbox 1021 3230 1152 3281; x_wconf 84' lang='lat' dir='ltr'><strong>perperam</strong></span> <span class='ocrx_word' id='word_1_310' title='bbox 1165 3217 1281 3280; x_wconf 83' lang='lat' dir='ltr'><strong>neglecta</strong></span> <span class='ocrx_word' id='word_1_311' title='bbox 1293 3224 1341 3267; x_wconf 90' lang='lat' dir='ltr'><strong>est.</strong></span> 
     </span>
    </p>

    <p class='ocr_par' dir='ltr' id='par_1_7' title="bbox 296 3306 1361 4442">
     <span class='ocr_line' id='line_1_31' title="bbox 328 3306 1358 3373; baseline 0.001 -18"><span class='ocrx_word' id='word_1_312' title='bbox 328 3307 434 3368; x_wconf 88' lang='lat' dir='ltr'><strong>XXXlV‚</strong></span> <span class='ocrx_word' id='word_1_313' title='bbox 448 3308 459 3369; x_wconf 68' lang='lat' dir='ltr'><strong>fi</strong></span> <span class='ocrx_word' id='word_1_314' title='bbox 471 3308 510 3356; x_wconf 87' lang='lat'><strong>75.</strong></span> <span class='ocrx_word' id='word_1_315' title='bbox 529 3306 625 3371; x_wconf 90' lang='lat' dir='ltr'><strong>Opioor</strong></span> <span class='ocrx_word' id='word_1_316' title='bbox 637 3309 774 3373; x_wconf 83' lang='lat' dir='ltr'><strong>legendum</strong></span> <span class='ocrx_word' id='word_1_317' title='bbox 786 3322 861 3364; x_wconf 82' lang='lat' dir='ltr'><strong>esse:</strong></span> <span class='ocrx_word' id='word_1_318' title='bbox 877 3310 1009 3372; x_wconf 73' lang='lat' dir='ltr'><strong>«Namque</strong></span> <span class='ocrx_word' id='word_1_319' title='bbox 1018 3315 1044 3358; x_wconf 90' lang='lat' dir='ltr'><strong>et</strong></span> <span class='ocrx_word' id='word_1_320' title='bbox 1053 3308 1173 3372; x_wconf 81' lang='lat' dir='ltr'><strong>Lysandri</strong></span> <span class='ocrx_word' id='word_1_321' title='bbox 1176 3343 1250 3357; x_wconf 89' lang='grc'><strong>.....</strong></span> <span class='ocrx_word' id='word_1_322' title='bbox 1260 3313 1358 3365; x_wconf 76' lang='lat' dir='ltr'><strong>statue,</strong></span> 
     </span>
     <span class='ocr_line' id='line_1_32' title="bbox 296 3397 1359 3462; baseline -0.001 -15"><span class='ocrx_word' id='word_1_323' title='bbox 296 3412 353 3461; x_wconf 85' lang='lat' dir='ltr'><strong>quae</strong></span> <span class='ocrx_word' id='word_1_324' title='bbox 366 3397 575 3462; x_wconf 86' lang='lat' dir='ltr'><strong>helphisstabat,</strong></span> <span class='ocrx_word' id='word_1_325' title='bbox 588 3399 710 3461; x_wconf 90' lang='lat' dir='ltr'><strong>incapite</strong></span> <span class='ocrx_word' id='word_1_326' title='bbox 729 3411 823 3449; x_wconf 90' lang='lat' dir='ltr'><strong>corona</strong></span> <span class='ocrx_word' id='word_1_327' title='bbox 843 3399 930 3449; x_wconf 87' lang='lat' dir='ltr'><strong>subito</strong></span> <span class='ocrx_word' id='word_1_328' title='bbox 948 3399 1047 3450; x_wconf 85' lang='lat' dir='ltr'><strong>exstitit</strong></span> <span class='ocrx_word' id='word_1_329' title='bbox 1061 3413 1090 3461; x_wconf 79' lang='lat'><strong>»3</strong></span> <span class='ocrx_word' id='word_1_330' title='bbox 1109 3399 1148 3448; x_wconf 91' lang='lat' dir='ltr'><strong>sin</strong></span> <span class='ocrx_word' id='word_1_331' title='bbox 1167 3406 1252 3448; x_wconf 89' lang='lat' dir='ltr'><strong>autem</strong></span> <span class='ocrx_word' id='word_1_332' title='bbox 1269 3398 1359 3461; x_wconf 85' lang='lat' dir='ltr'><strong>legas:</strong></span> 
     </span>
     <span class='ocr_line' id='line_1_33' title="bbox 299 3487 1359 3551; baseline 0.002 -16"><span class='ocrx_word' id='word_1_333' title='bbox 299 3509 309 3530; x_wconf 81' lang='grc' dir='ltr'>ι</span> <span class='ocrx_word' id='word_1_334' title='bbox 324 3488 349 3535; x_wconf 82' lang='grc' dir='ltr'><strong>ἰη</strong></span> <span class='ocrx_word' id='word_1_335' title='bbox 364 3487 485 3550; x_wconf 83' lang='lat' dir='ltr'><strong>Lysandri</strong></span> <span class='ocrx_word' id='word_1_336' title='bbox 488 3523 581 3538; x_wconf 89' lang='lat'><strong>.....</strong></span> <span class='ocrx_word' id='word_1_337' title='bbox 593 3495 675 3538; x_wconf 88' lang='lat' dir='ltr'><strong>statua</strong></span> <span class='ocrx_word' id='word_1_338' title='bbox 690 3507 712 3549; x_wconf 74' lang='grc' dir='ltr'><strong>ι,</strong></span> <span class='ocrx_word' id='word_1_339' title='bbox 726 3487 865 3538; x_wconf 88' lang='lat' dir='ltr'><strong>omittenda</strong></span> <span class='ocrx_word' id='word_1_340' title='bbox 877 3495 937 3538; x_wconf 86' lang='lat' dir='ltr'><strong>sunt</strong></span> <span class='ocrx_word' id='word_1_341' title='bbox 950 3488 1028 3538; x_wconf 86' lang='lat' dir='ltr'><strong>rerba</strong></span> <span class='ocrx_word' id='word_1_342' title='bbox 1042 3509 1052 3531; x_wconf 84' lang='lat'>«</span> <span class='ocrx_word' id='word_1_343' title='bbox 1067 3488 1187 3551; x_wconf 86' lang='lat' dir='ltr'><strong>incapite</strong></span> <span class='ocrx_word' id='word_1_344' title='bbox 1202 3507 1221 3534; x_wconf 84' lang='lat'><strong>».</strong></span> <span class='ocrx_word' id='word_1_345' title='bbox 1241 3488 1359 3538; x_wconf 81' lang='lat' dir='ltr'><strong>Fortasse</strong></span> 
     </span>
     <span class='ocr_line' id='line_1_34' title="bbox 297 3575 1359 3641; baseline 0.002 -18"><span class='ocrx_word' id='word_1_346' title='bbox 297 3575 339 3624; x_wconf 89' lang='lat' dir='ltr'><strong>hic</strong></span> <span class='ocrx_word' id='word_1_347' title='bbox 351 3575 474 3625; x_wconf 90' lang='lat' dir='ltr'><strong>habemus</strong></span> <span class='ocrx_word' id='word_1_348' title='bbox 486 3576 593 3639; x_wconf 85' lang='lat' dir='ltr'><strong>gemiuae</strong></span> <span class='ocrx_word' id='word_1_349' title='bbox 604 3577 790 3626; x_wconf 88' lang='lat' dir='ltr'><strong>enunciationis</strong></span> <span class='ocrx_word' id='word_1_350' title='bbox 798 3578 975 3641; x_wconf 83' lang='lat' dir='ltr'><strong>vestigium-</strong></span> <span class='ocrx_word' id='word_1_351' title='bbox 987 3577 1120 3627; x_wconf 91' lang='lat' dir='ltr'><strong>Secludam</strong></span> <span class='ocrx_word' id='word_1_352' title='bbox 1129 3577 1204 3627; x_wconf 88' lang='lat' dir='ltr'><strong>verba</strong></span> <span class='ocrx_word' id='word_1_353' title='bbox 1216 3576 1277 3639; x_wconf 79' lang='lat' dir='ltr'><strong>«qui</strong></span> <span class='ocrx_word' id='word_1_354' title='bbox 1286 3575 1359 3626; x_wconf 87' lang='lat' dir='ltr'><strong>Lace-</strong></span> 
     </span>
     <span class='ocr_line' id='line_1_35' title="bbox 297 3663 1359 3729; baseline 0.001 -16"><span class='ocrx_word' id='word_1_355' title='bbox 297 3663 478 3715; x_wconf 73' lang='lat' dir='ltr'><strong>daemoniorum</strong></span> <span class='ocrx_word' id='word_1_356' title='bbox 491 3664 649 3714; x_wconf 86' lang='lat' dir='ltr'><strong>clarissimus</strong></span> <span class='ocrx_word' id='word_1_357' title='bbox 660 3663 742 3715; x_wconf 91' lang='lat' dir='ltr'><strong>luerat</strong></span> <span class='ocrx_word' id='word_1_358' title='bbox 756 3685 776 3713; x_wconf 87' lang='lat'><strong>».</strong></span> <span class='ocrx_word' id='word_1_359' title='bbox 790 3665 862 3715; x_wconf 80' lang='lat' dir='ltr'><strong>Conl.</strong></span> <span class='ocrx_word' id='word_1_360' title='bbox 876 3666 906 3724; x_wconf 88' lang='lat' dir='ltr'><strong>ll,</strong></span> <span class='ocrx_word' id='word_1_361' title='bbox 918 3667 930 3727; x_wconf 64' lang='grc' dir='ltr'><strong>ξ</strong></span> <span class='ocrx_word' id='word_1_362' title='bbox 942 3666 982 3715; x_wconf 83' lang='grc'><strong>68.</strong></span> <span class='ocrx_word' id='word_1_363' title='bbox 994 3694 1024 3702; x_wconf 98' lang='grc'>-</span> <span class='ocrx_word' id='word_1_364' title='bbox 1037 3664 1359 3729; x_wconf 84' lang='lat' dir='ltr'><strong>hlagnaconlusionelabo·</strong></span> 
     </span>
     <span class='ocr_line' id='line_1_36' title="bbox 298 3752 1358 3817; baseline 0.002 -16"><span class='ocrx_word' id='word_1_365' title='bbox 298 3760 336 3801; x_wconf 90' lang='lat' dir='ltr'><strong>rat</strong></span> <span class='ocrx_word' id='word_1_366' title='bbox 349 3753 474 3803; x_wconf 91' lang='lat' dir='ltr'><strong>sententia</strong></span> <span class='ocrx_word' id='word_1_367' title='bbox 486 3765 542 3816; x_wconf 78' lang='lat' dir='ltr'><strong>quae</strong></span> <span class='ocrx_word' id='word_1_368' title='bbox 553 3752 662 3802; x_wconf 85' lang='lat' dir='ltr'><strong>subinde</strong></span> <span class='ocrx_word' id='word_1_369' title='bbox 675 3753 768 3816; x_wconf 82' lang='lat' dir='ltr'><strong>legitur</strong></span> <span class='ocrx_word' id='word_1_370' title='bbox 780 3767 860 3817; x_wconf 87' lang='lat' dir='ltr'><strong>usque</strong></span> <span class='ocrx_word' id='word_1_371' title='bbox 872 3755 904 3803; x_wconf 91' lang='lat' dir='ltr'><strong>ad</strong></span> <span class='ocrx_word' id='word_1_372' title='bbox 916 3756 927 3816; x_wconf 69' lang='lat'><strong>5</strong></span> <span class='ocrx_word' id='word_1_373' title='bbox 941 3754 1026 3816; x_wconf 84' lang='lat' dir='ltr'><strong>linem,</strong></span> <span class='ocrx_word' id='word_1_374' title='bbox 1040 3754 1126 3803; x_wconf 91' lang='lat' dir='ltr'><strong>multis</strong></span> <span class='ocrx_word' id='word_1_375' title='bbox 1137 3754 1302 3816; x_wconf 81' lang='lat' dir='ltr'><strong>supervacuis</strong></span> <span class='ocrx_word' id='word_1_376' title='bbox 1314 3765 1358 3803; x_wconf 91' lang='lat' dir='ltr'><strong>vo·</strong></span> 
     </span>
     <span class='ocr_line' id='line_1_37' title="bbox 298 3841 1360 3906; baseline 0 -15"><span class='ocrx_word' id='word_1_377' title='bbox 298 3842 372 3892; x_wconf 90' lang='lat' dir='ltr'><strong>cibus</strong></span> <span class='ocrx_word' id='word_1_378' title='bbox 383 3843 487 3900; x_wconf 84' lang='lat' dir='ltr'><strong>referta,</strong></span> <span class='ocrx_word' id='word_1_379' title='bbox 500 3844 566 3893; x_wconf 92' lang='lat' dir='ltr'><strong>unde</strong></span> <span class='ocrx_word' id='word_1_380' title='bbox 579 3849 648 3905; x_wconf 89' lang='lat' dir='ltr'><strong>patet</strong></span> <span class='ocrx_word' id='word_1_381' title='bbox 659 3843 723 3892; x_wconf 90' lang='lat' dir='ltr'><strong>duas</strong></span> <span class='ocrx_word' id='word_1_382' title='bbox 734 3843 849 3893; x_wconf 88' lang='lat' dir='ltr'><strong>diversas</strong></span> <span class='ocrx_word' id='word_1_383' title='bbox 861 3844 976 3906; x_wconf 86' lang='lat' dir='ltr'><strong>ejusdem</strong></span> <span class='ocrx_word' id='word_1_384' title='bbox 988 3843 1122 3893; x_wconf 86' lang='lat' dir='ltr'><strong>seutentiae</strong></span> <span class='ocrx_word' id='word_1_385' title='bbox 1140 3842 1233 3892; x_wconf 86' lang='lat' dir='ltr'><strong>formas</strong></span> <span class='ocrx_word' id='word_1_386' title='bbox 1251 3841 1360 3904; x_wconf 88' lang='lat' dir='ltr'><strong>permis-</strong></span> 
     </span>
     <span class='ocr_line' id='line_1_38' title="bbox 300 3930 1359 3995; baseline -0.001 -14"><span class='ocrx_word' id='word_1_387' title='bbox 300 3940 337 3982; x_wconf 87' lang='lat' dir='ltr'><strong>tas</strong></span> <span class='ocrx_word' id='word_1_388' title='bbox 350 3932 437 3993; x_wconf 88' lang='lat' dir='ltr'><strong>luisse,</strong></span> <span class='ocrx_word' id='word_1_389' title='bbox 451 3945 513 3995; x_wconf 85' lang='lat' dir='ltr'><strong>quas</strong></span> <span class='ocrx_word' id='word_1_390' title='bbox 525 3932 562 3982; x_wconf 91' lang='lat' dir='ltr'><strong>sic</strong></span> <span class='ocrx_word' id='word_1_391' title='bbox 575 3933 721 3991; x_wconf 78' lang='lat' dir='ltr'><strong>restituam3</strong></span> <span class='ocrx_word' id='word_1_392' title='bbox 736 3932 814 3994; x_wconf 90' lang='lat' dir='ltr'><strong>prius,</strong></span> <span class='ocrx_word' id='word_1_393' title='bbox 829 3932 928 3994; x_wconf 90' lang='lat' dir='ltr'><strong>opinor,</strong></span> <span class='ocrx_word' id='word_1_394' title='bbox 942 3931 1195 3994; x_wconf 73' lang='lat' dir='ltr'><strong>Tulliusscripseratz</strong></span> <span class='ocrx_word' id='word_1_395' title='bbox 1211 3930 1359 3994; x_wconf 74' lang='lat' dir='ltr'><strong>«stellaeque</strong></span> 
     </span>
     <span class='ocr_line' id='line_1_39' title="bbox 299 4020 1359 4084; baseline -0.001 -14"><span class='ocrx_word' id='word_1_396' title='bbox 299 4035 393 4080; x_wconf 76' lang='lat' dir='ltr'><strong>aureae,</strong></span> <span class='ocrx_word' id='word_1_397' title='bbox 408 4029 465 4084; x_wconf 93' lang='lat' dir='ltr'><strong>post</strong></span> <span class='ocrx_word' id='word_1_398' title='bbox 476 4023 590 4071; x_wconf 87' lang='lat' dir='ltr'><strong>navalem</strong></span> <span class='ocrx_word' id='word_1_399' title='bbox 602 4021 669 4070; x_wconf 92' lang='lat' dir='ltr'><strong>illam</strong></span> <span class='ocrx_word' id='word_1_400' title='bbox 682 4021 814 4071; x_wconf 81' lang='lat' dir='ltr'><strong>victoriam</strong></span> <span class='ocrx_word' id='word_1_401' title='bbox 825 4033 874 4084; x_wconf 91' lang='lat' dir='ltr'><strong>qua</strong></span> <span class='ocrx_word' id='word_1_402' title='bbox 887 4021 1056 4071; x_wconf 82' lang='lat' dir='ltr'><strong>Athenienses</strong></span> <span class='ocrx_word' id='word_1_403' title='bbox 1073 4020 1249 4080; x_wconf 88' lang='lat' dir='ltr'><strong>conciderunt,</strong></span> <span class='ocrx_word' id='word_1_404' title='bbox 1269 4033 1317 4083; x_wconf 88' lang='lat' dir='ltr'><strong>qua</strong></span> <span class='ocrx_word' id='word_1_405' title='bbox 1334 4020 1359 4069; x_wconf 92' lang='lat' dir='ltr'><strong>in</strong></span> 
     </span>
     <span class='ocr_line' id='line_1_40' title="bbox 301 4111 1359 4174; baseline -0.001 -14"><span class='ocrx_word' id='word_1_406' title='bbox 301 4124 383 4174; x_wconf 79' lang='lat' dir='ltr'><strong>pugna</strong></span> <span class='ocrx_word' id='word_1_407' title='bbox 395 4113 483 4162; x_wconf 81' lang='lat' dir='ltr'><strong>Castor</strong></span> <span class='ocrx_word' id='word_1_408' title='bbox 494 4118 520 4161; x_wconf 92' lang='lat' dir='ltr'><strong>et</strong></span> <span class='ocrx_word' id='word_1_409' title='bbox 534 4112 630 4171; x_wconf 85' lang='lat' dir='ltr'><strong>Pollux,</strong></span> <span class='ocrx_word' id='word_1_410' title='bbox 643 4125 701 4162; x_wconf 90' lang='lat' dir='ltr'><strong>cum</strong></span> <span class='ocrx_word' id='word_1_411' title='bbox 713 4112 964 4162; x_wconf 76' lang='lat' dir='ltr'><strong>lacedemoniorum</strong></span> <span class='ocrx_word' id='word_1_412' title='bbox 976 4112 1057 4161; x_wconf 91' lang='lat' dir='ltr'><strong>classe</strong></span> <span class='ocrx_word' id='word_1_413' title='bbox 1071 4111 1116 4160; x_wconf 79' lang='lat' dir='ltr'><strong>visi</strong></span> <span class='ocrx_word' id='word_1_414' title='bbox 1130 4123 1188 4160; x_wconf 88' lang='lat' dir='ltr'><strong>esse</strong></span> <span class='ocrx_word' id='word_1_415' title='bbox 1200 4111 1359 4173; x_wconf 86' lang='lat' dir='ltr'><strong>dicebantur,</strong></span> 
     </span>
     <span class='ocr_line' id='line_1_41' title="bbox 299 4201 1359 4265; baseline 0 -14"><span class='ocrx_word' id='word_1_416' title='bbox 299 4214 387 4251; x_wconf 90' lang='lat' dir='ltr'><strong>eorum</strong></span> <span class='ocrx_word' id='word_1_417' title='bbox 399 4201 507 4264; x_wconf 82' lang='lat' dir='ltr'><strong>insignia</strong></span> <span class='ocrx_word' id='word_1_418' title='bbox 519 4201 635 4263; x_wconf 89' lang='lat' dir='ltr'><strong>deorum,</strong></span> <span class='ocrx_word' id='word_1_419' title='bbox 648 4201 728 4251; x_wconf 75' lang='lat' dir='ltr'><strong>stellae</strong></span> <span class='ocrx_word' id='word_1_420' title='bbox 739 4215 823 4251; x_wconf 79' lang='lat' dir='ltr'><strong>aureae</strong></span> <span class='ocrx_word' id='word_1_421' title='bbox 835 4214 897 4265; x_wconf 87' lang='lat' dir='ltr'><strong>quas</strong></span> <span class='ocrx_word' id='word_1_422' title='bbox 908 4201 970 4256; x_wconf 79' lang='lat' dir='ltr'><strong>dixi,</strong></span> <span class='ocrx_word' id='word_1_423' title='bbox 984 4201 1086 4263; x_wconf 84' lang='lat' dir='ltr'><strong>Delphis</strong></span> <span class='ocrx_word' id='word_1_424' title='bbox 1098 4202 1195 4264; x_wconf 86' lang='lat' dir='ltr'><strong>positae,</strong></span> <span class='ocrx_word' id='word_1_425' title='bbox 1215 4201 1289 4264; x_wconf 93' lang='lat' dir='ltr'><strong>paulo</strong></span> <span class='ocrx_word' id='word_1_426' title='bbox 1300 4209 1359 4251; x_wconf 87' lang='lat' dir='ltr'><strong>ante</strong></span> 
     </span>
     <span class='ocr_line' id='line_1_42' title="bbox 300 4289 1359 4354; baseline -0.001 -16"><span class='ocrx_word' id='word_1_427' title='bbox 300 4290 459 4339; x_wconf 88' lang='lat' dir='ltr'><strong>Leuctricam</strong></span> <span class='ocrx_word' id='word_1_428' title='bbox 471 4302 579 4351; x_wconf 81' lang='lat' dir='ltr'><strong>pugnam</strong></span> <span class='ocrx_word' id='word_1_429' title='bbox 591 4289 752 4348; x_wconf 89' lang='lat' dir='ltr'><strong>deciderunt,</strong></span> <span class='ocrx_word' id='word_1_430' title='bbox 765 4304 848 4354; x_wconf 89' lang='lat' dir='ltr'><strong>neque</strong></span> <span class='ocrx_word' id='word_1_431' title='bbox 860 4296 1043 4352; x_wconf 86' lang='lat' dir='ltr'><strong>repertaesuot.</strong></span> <span class='ocrx_word' id='word_1_432' title='bbox 1055 4308 1065 4331; x_wconf 83' lang='lat'><strong>»</strong></span> <span class='ocrx_word' id='word_1_433' title='bbox 1080 4289 1170 4338; x_wconf 90' lang='lat' dir='ltr'><strong>Postea</strong></span> <span class='ocrx_word' id='word_1_434' title='bbox 1178 4290 1293 4339; x_wconf 89' lang='lat' dir='ltr'><strong>eamdem</strong></span> <span class='ocrx_word' id='word_1_435' title='bbox 1301 4301 1359 4338; x_wconf 91' lang='lat' dir='ltr'><strong>seu·</strong></span> 
     </span>
     <span class='ocr_line' id='line_1_43' title="bbox 300 4376 1361 4442; baseline -0.003 -14"><span class='ocrx_word' id='word_1_436' title='bbox 300 4378 405 4429; x_wconf 86' lang='lat' dir='ltr'><strong>tentiam</strong></span> <span class='ocrx_word' id='word_1_437' title='bbox 416 4376 453 4427; x_wconf 90' lang='lat' dir='ltr'><strong>sic</strong></span> <span class='ocrx_word' id='word_1_438' title='bbox 466 4377 608 4441; x_wconf 78' lang='lat' dir='ltr'><strong>elegantius</strong></span> <span class='ocrx_word' id='word_1_439' title='bbox 619 4386 646 4429; x_wconf 85' lang='lat' dir='ltr'><strong>et</strong></span> <span class='ocrx_word' id='word_1_440' title='bbox 657 4378 761 4430; x_wconf 81' lang='lat' dir='ltr'><strong>breuius</strong></span> <span class='ocrx_word' id='word_1_441' title='bbox 772 4378 914 4442; x_wconf 83' lang='lat' dir='ltr'><strong>expressit:</strong></span> <span class='ocrx_word' id='word_1_442' title='bbox 930 4399 940 4422; x_wconf 82' lang='grc' dir='ltr'>ι</span> <span class='ocrx_word' id='word_1_443' title='bbox 950 4377 1080 4442; x_wconf 77' lang='lat' dir='ltr'><strong>stellaque</strong></span> <span class='ocrx_word' id='word_1_444' title='bbox 1091 4390 1248 4441; x_wconf 77' lang='lat' dir='ltr'><strong>aureaeque</strong></span> <span class='ocrx_word' id='word_1_445' title='bbox 1259 4376 1361 4440; x_wconf 86' lang='lat' dir='ltr'><strong>helphis</strong></span> 
     </span>
    </p>
   </div>
   <div class='ocr_carea' id='block_1_3' title="bbox 0 0 1673 5159">
    <p class='ocr_par' dir='ltr' id='par_1_8' title="bbox 0 0 1673 5159">
     <span class='ocr_line' id='line_1_44' title="bbox 0 0 1673 5159; baseline 0 0"><span class='ocrx_word' id='word_1_446' title='bbox 0 0 1673 5159; x_wconf 95' lang='lat' dir='ltr'><strong> </strong></span> 
     </span>
    </p>
   </div>
  </div>
 </body>
</html>
