3325 5159
630 582 672 638 Du
685 590 808 639 orrruus
824 582 872 650 ΙΙΙ,
887 595 947 652 t·u‚
962 581 1039 640 1-13.
1315 583 1363 639 ΙΙΙ

302 727 380 770 tatem
392 720 483 769 molius
495 718 644 782 apparebit3
657 718 769 781 denique
780 718 887 769 formula
906 740 915 761 ι
930 727 956 768 ot
974 719 1017 769 ille
1036 719 1162 769 Graeous·
1182 731 1196 769 a
1216 719 1302 770 verbis
1315 740 1327 764 a
1347 720 1367 768 0

304 810 383 858 airum
395 814 513 873 magnum
528 829 538 850 »
553 809 662 872 longiori
675 808 807 858 intervallo
819 816 961 870 separatur,
974 808 1042 871 quod
1055 808 1139 857 minus
1150 806 1266 859 ollentlit.

305 928 310 938 ·
333 896 416 954 ΙΙΙΙΙΙΙ,
429 897 441 958 5
455 897 494 945 st.
512 896 609 959 Sequar
622 896 743 958 optimum
756 897 814 945 rod.
826 909 840 944 a
853 897 879 944 in
891 910 941 958 quo
955 896 1056 959 legum,
1065 902 1123 957 post
1136 916 1145 937 ι
1156 895 1333 957 coreripotest
1344 915 1366 951 ι.

301 1006 314 1029 r
328 995 377 1036 uon
390 987 425 1035 sio
438 987 523 1047 ·,sed
535 987 650 1040 omittam
663 985 865 1047 renuntiassent,
879 986 946 1049 quod
959 992 1042 1035 ortum
1055 993 1094 1035 est
1106 999 1137 1035 es
1156 986 1295 1036 mutatione
1308 986 1365 1035 adv.

299 1078 334 1125 air
351 1077 378 1125 in
397 1076 463 1139 conj.
477 1076 505 1125 si.
525 1103 557 1111 -
568 1075 671 1125 Additlit
692 1076 808 1125 Baltnrus
826 1075 920 1125 litteris
938 1075 1050 1138 obliquis
1069 1074 1164 1124 verba:
1188 1088 1269 1123 «eum
1288 1074 1368 1137 ipsius

299 1150 432 1227 intererat,
447 1174 499 1215 turn
514 1179 594 1229 »quae
604 1166 630 1214 in
642 1167 717 1216 codri.
731 1179 763 1227 op
775 1165 896 1227 leguntur
908 1173 965 1228 post
976 1167 1104 1227 ropilutut,
1118 1166 1268 1216 omittuntur
1284 1166 1311 1215 in
1324 1179 1365 1215 re-

300 1255 383 1319 liquis.
398 1255 481 1304 Facile
493 1254 596 1317 quidem
609 1254 718 1317 intelligi
730 1262 836 1316 possunt
847 1270 854 1311 ;
867 1254 980 1317 speciem
993 1262 1077 1305 tamen
1096 1254 1298 1317 interpositionis
1316 1267 1366 1304 uou

301 1344 405 1394 babent.
419 1371 448 1378 -
460 1345 570 1392 Auctore
583 1343 670 1403 Ballio,
689 1343 756 1393 idem
773 1344 879 1393 seclusit
899 1344 1003 1394 veritum
1021 1358 1131 1407 perpure,
1152 1351 1207 1406 post
1224 1344 1365 1401 delectaret,

299 1433 367 1495 quod
381 1445 469 1482 revera
480 1432 601 1482 abundat.
614 1457 644 1467 -
657 1433 669 1494 ξ
681 1433 721 1482 86.
734 1433 841 1482 Heinius
853 1433 961 1482 tleleudo
974 1439 1063 1482 censet
1077 1433 1152 1482 verna
1167 1448 1173 1480 :
1189 1453 1198 1474 ι
1213 1432 1366 1495 prestet-mil·

301 1522 386 1572 tendis
399 1521 570 1583 voluptatibus
584 1541 605 1582 ι,
618 1533 674 1584 quae
686 1520 848 1584 glossematis
859 1522 972 1583 speciem
984 1522 1088 1579 habent,
1102 1534 1130 1571 ea
1150 1529 1235 1572 noster
1252 1522 1366 1574 seclusit.

300 1640 331 1649 —
344 1613 408 1673 587.
421 1610 483 1661 Vltio
495 1610 559 1659 iulra
571 1611 584 1673 ξ
595 1610 634 1660 90.

331 1702 405 1761 XXV,
418 1702 430 1762 l
442 1702 481 1751 88.
500 1700 637 1750 Adsentior
650 1700 750 1763 liugero
762 1701 877 1752 monenti
889 1700 997 1750 deleutla
1010 1714 1068 1751 esse
1083 1701 1158 1751 verbu
1172 1715 1180 1748 ι
1195 1723 1203 1743 ι
1219 1708 1245 1750 et
1260 1709 1366 1752 euterun

298 1805 357 1842 oum
369 1791 485 1853 nomimis
499 1810 520 1847 »‚
533 1798 560 1840 et
572 1789 614 1839 illa
628 1811 638 1833 ι
653 1804 712 1839 curn
723 1792 840 1852 corporis
850 1798 955 1840 externa
969 1790 1018 1839 line
1031 1790 1116 1850 murlo,
1128 1790 1202 1841 dites
1212 1803 1270 1841 esse
1283 1791 1367 1853 potius

299 1893 375 1944 quam
388 1879 505 1929 maximis
516 1882 631 1941 eorporis
644 1880 742 1929 uiribus
751 1893 779 1939 ·;
792 1893 848 1943 quae
861 1880 1000 1930 orationem
1015 1880 1125 1930 turbont.
1136 1881 1263 1944 Ungerum
1271 1892 1366 1945 sequu-

300 1978 342 2020 tus
360 1976 401 2019 est
420 1970 543 2020 Baiterns.
556 1969 661 2031 *59st
684 1970 773 2021 Eidem
792 1970 980 2032 obtemperarit
999 1978 1086 2020 noster
1106 1970 1290 2032 tmnsponenti,
1310 1977 1367 2032 pust
1453 2025 1455 2036 Ι

299 2059 463 2109 rormertimus
474 2059 487 2120 5
498 2060 538 2119 87,
554 2065 634 2109 toturn
647 2060 713 2110 linuc
727 2061 809 2110 locum
823 2060 974 2123 quilegitur
990 2061 1002 2121 ξ
1021 2060 1053 2109 00
1072 2069 1131 2109 ante
1151 2080 1164 2103 a
1178 2060 1273 2123 reliqua
1291 2059 1366 2109 dein-

298 2159 361 2209 ceps
374 2159 574 2210 persequamur»
590 2164 596 2195 ε
612 2170 621 2189 ι
632 2149 681 2198 Sed
695 2156 748 2198 toto
761 2149 809 2197 lior
822 2150 854 2199 de
866 2160 963 2212 genero
966 2183 1023 2197 ......
1037 2148 1070 2198 do
1082 2160 1130 2212 qua
1144 2148 1193 2198 hon
1205 2147 1365 2211 librodispu·

301 2244 379 2288 latum
392 2244 461 2286 est».
474 2237 551 2300 cuijus
564 2239 768 2299 transpositionis
780 2249 863 2288 nauso
875 2240 1001 2290 nemiuem
1015 2238 1114 2303 lugiunt
1124 2254 1131 2298 ;
1143 2250 1227 2301 neque
1241 2250 1295 2287 rara
1308 2246 1368 2288 sunt
1413 2287 1416 2293 ,

300 2325 415 2387 exempla
428 2325 519 2375 similis
532 2326 729 2387 perturbutlouis
741 2327 767 2375 in
780 2327 820 2376 liis
837 2328 977 2387 praesertirn
997 2327 1141 2378 officiorum
1161 2328 1232 2377 libris
1250 2340 1315 2391 quos
1333 2327 1366 2377 utl

301 2428 412 2478 unguem
424 2415 510 2465 dolare
522 2415 619 2465 Tullius
630 2429 680 2466 non
694 2416 783 2477 pornlt.
797 2424 823 2466 et
837 2417 996 2467 librationum
1016 2417 1170 2480 negligentia
1186 2416 1273 2466 multls
1289 2415 1366 2466 uaeris

301 2503 399 2554 inleoitt
1055 2525 1059 2535 ·
1145 2535 1158 2546 .1

666 2917 783 2985 utssuu
808 2911 993 2987 inuitus,

738 3121 922 3129 ’,Ἀ-...ῳ-

330 3310 348 3369 Ι,
362 3314 373 3374 5
387 3312 408 3362 l.
427 3312 542 3373 Optimos
552 3312 628 3361 could.
642 3324 703 3361 suos
714 3318 840 3375 sequutus
851 3319 892 3361 est
908 3312 1023 3361 Baiterus
1040 3311 1084 3375 qui
1103 3310 1198 3360 hahent
1212 3326 1218 3357 :
1234 3332 1243 3353 ι
1257 3311 1291 3360 ito
1310 3310 1365 3361 dun

298 3410 341 3450 ros
351 3419 372 3459 »‚
387 3413 432 3462 pro
445 3400 511 3463 vulg.
524 3401 617 3464 ltaque.
626 3427 656 3436 -
669 3398 715 3463 §²-
728 3402 788 3451 Voc.
803 3402 880 3451 otium
893 3400 1209 3462 mlhirldeturnbuntlure,
1220 3408 1297 3462 postu
1306 3413 1365 3450 nos-

299 3496 366 3538 trum
378 3496 463 3538 nutem
477 3505 498 3535 n.
513 3517 542 3530 -μ
554 3490 566 3551 5
577 3490 600 3538 3.
614 3490 641 3539 Si
653 3489 723 3553 legas
737 3504 743 3538 ε
759 3512 769 3533 ι
783 3491 933 3556 improprii,
946 3499 995 3541 eto.
1013 3511 1022 3534 »
1041 3492 1194 3541 serrandum
1213 3497 1253 3540 est
1272 3491 1364 3539 vineri-

299 3592 371 3635 mus,-
383 3576 421 3628 sln
433 3586 519 3628 autem
530 3578 613 3640 malls,
625 3580 693 3641 quod
706 3580 769 3629 milri
780 3582 861 3631 satius
874 3581 983 3643 ridetur,
999 3603 1009 3625 ι
1021 3581 1054 3631 lta
1062 3581 1105 3645 qui
1116 3599 1137 3642 ι,
1151 3581 1287 3644 legendum
1300 3582 1365 3630 uini

297 3681 361 3717 mus.
375 3660 403 3716 ln
416 3668 501 3730 priore
512 3680 571 3717 casu
584 3669 804 3731 consequentiam,
816 3671 843 3719 iu
855 3670 937 3721 ultero
950 3671 1042 3721 lautum
1051 3670 1140 3721 habes.
1149 3673 1199 3733 *ᾖ
1211 3671 1234 3719 l.
1249 3670 1365 3720 Fortasse

296 3758 435 3819 scripserat
446 3757 541 3806 Trrllius
554 3771 561 3804 t
576 3778 585 3798 ·
600 3756 755 3820 Quamquam
768 3756 902 3808 Africanus
914 3760 1035 3810 maiorem
1050 3758 1149 3808 laudem
1161 3772 1200 3807 ote
1212 3772 1266 3807 meo
1286 3758 1366 3806 studio

296 3845 512 3909 assequebatur»,
525 3859 570 3907 pro
584 3845 650 3908 vulg.
666 3858 744 3895 «meo
756 3844 851 3896 iudlulo
861 3861 890 3907 »3
903 3847 939 3896 siu
952 3846 1043 3897 melius
1055 3846 1280 3910 intelligitureouj.
1290 3846 1363 3903 enlm,

210 4003 214 4011 ὓ
296 3935 353 3997 post
365 3935 443 3993 nullu,
458 3948 562 3998 proquo
576 3935 669 3998 legitur
681 3935 706 3983 iu
719 3934 848 3984 nonnullis
860 3934 934 3985 codd.
949 3940 1042 3984 tomen.
1061 3934 1166 3994 Quidum
1184 3941 1269 3984 nutem
1288 3935 1362 3984 codd.

296 4024 357 4073 daut
369 4040 382 4067 u
396 4036 437 4072 me
450 4023 488 4072 rel
501 4033 558 4073 rnen
571 4023 666 4073 iudicio
680 4044 702 4069 ν.

329 4112 359 4172 ΙΙ,
372 4113 384 4173 ς
397 4111 434 4159 lll.
453 4110 564 4160 Seelusit
577 4111 691 4162 Baiterus
704 4111 781 4160 verba
796 4118 843 4161 «et
855 4124 905 4161 nou
918 4110 1101 4174 perfecisset»,
1115 4123 1171 4173 qnae
1180 4111 1271 4160 merito
1280 4111 1364 4172 spuria

298 4201 351 4250 risa
364 4206 424 4250 sunt
435 4201 545 4261 liureio,
559 4202 707 4252 lloumnnuo
719 4202 838 4265 aliisque.
850 4228 880 4237 -
893 4202 905 4263 ξ
917 4201 954 4249 13.
969 4201 1076 4250 launum
1089 4201 1189 4263 signum
1204 4211 1294 4262 ponam
1309 4203 1365 4261 post

301 4309 310 4331 ι
325 4290 359 4339 itu
372 4290 458 4354 legere
473 4310 495 4352 ι,
508 4295 535 4339 et
546 4290 715 4353 supplendum
728 4303 786 4340 esse
798 4291 888 4353 opiuor
902 4309 913 4333 r
928 4295 971 4352 pai·
984 4301 1042 4339 esse
1057 4312 1078 4337 ι.
1090 4317 1121 4326 -
1134 4288 1254 4351 Exempla
1268 4288 1309 4337 vix
1323 4302 1364 4338 re-

298 4378 383 4442 perias
395 4378 526 4442 inquibus
537 4386 722 4431 oounectantur
732 4379 788 4430 sinu
800 4378 890 4442 oopuln
905 4398 915 4421 a
930 4377 1070 4441 perlectum
1084 4378 1218 4431 honesturn
1232 4390 1262 4436 n;
1278 4376 1364 4441 itaquo
