3325 5159
300 548 334 609 lb
411 546 645 604 Tuscutnuanuu
660 556 890 602 ntsrurarronun
906 544 956 613 lll,
972 555 1130 611 av-xxxm,
1144 541 1242 600 ill-80.

297 683 417 744 opinione
432 681 491 731 mali
502 692 564 744 egr.
583 694 641 731 esse
661 685 747 730 autum
760 698 783 730 n.
806 680 848 729 Sic
867 686 957 729 censet
974 679 1091 729 eruditus
1108 679 1212 741 quidam
1230 677 1324 734 lector,
1339 684 1368 727 ut

297 770 384 819 videre
400 776 440 819 est
456 769 481 817 in
494 769 608 831 margine
620 769 705 819 Sclrol.
720 769 842 831 llypomn.
857 768 936 825 Batti,
954 775 973 818 t.
987 768 1026 817 tv.
1041 781 1066 829 p.
1079 767 1121 817 92.
1138 764 1260 817 Fortasse
1277 766 1366 817 ultima

298 856 371 906 verbi
381 857 461 920 placet
472 856 567 919 syllaba
580 869 658 919 praep.
673 870 706 904 ec
716 856 856 918 absorpsit.

328 953 380 1015 xv,
392 955 404 1015 5
416 955 456 1005 st.
473 956 591 1005 Moneute
603 954 690 1016 Balaio,
702 954 808 1004 seclusit
816 954 931 1003 Baiterus
944 966 1036 1003 nomen
1048 952 1157 1012 Socrate,
1165 951 1235 1015 qrrod
1248 933 1371 1015 eqrrideni

298 1043 407 1093 deleam.
415 1043 466 1106 —5
477 1043 516 1092 33.
535 1043 583 1092 Pro
591 1043 670 1091 aciem
681 1042 763 1105 legam
776 1043 901 1099 animum.
913 1041 1000 1091 addito
1008 1040 1088 1090 verbo
1098 1039 1159 1100 sccii
1171 1046 1230 1102 post
1241 1038 1367 1095 hebetem

297 1131 364 1181 sicut
375 1131 473 1181 addidit
486 1131 720 1192 Baiter.‚monente
731 1130 927 1193 Wesenbergio.
1340 1150 1341 1153 ¹

329 1229 417 1286 xviii,
437 1232 449 1293 5
463 1230 503 1280 40.
521 1229 549 1278 F.
562 1232 591 1279 Α.
605 1228 697 1279 Wolfio
712 1228 843 1279 abundare
857 1228 973 1278 censenti
988 1228 1041 1277 baec
1057 1227 1150 1277 verba:
1169 1248 1179 1269 ι
1194 1228 1217 1276 si
1237 1227 1305 1278 malo
1323 1238 1368 1275 ca-

300 1326 356 1369 reat
366 1331 398 1379 ἰ,
421 1332 472 1368 nou
492 1317 610 1368 obsecuti
628 1324 688 1366 sunt
708 1317 822 1367 editores
845 1317 1022 1376 recentiores;
1046 1328 1193 1378 perperam,
1218 1316 1320 1377 opinor.
1338 1342 1369 1351 —

300 1406 359 1468 542.
373 1405 491 1455 Fortasse
502 1403 724 1467 scripsitTullius:
738 1403 832 1466 «quisi
841 1404 949 1453 virtutes
956 1402 1064 1452 ebullire
1077 1402 1155 1452 solem
1167 1402 1271 1465 (utFiu.
1280 1400 1368 1463 ΗΟ),

302 1493 364 1541 nihil
375 1492 443 1541 aliud
456 1492 547 1541 dicum.
562 1492 607 1541 Vix
620 1491 698 1541 latine
709 1490 823 1541 dixeris:
843 1512 853 1533 ι
867 1489 976 1540 ebullire
989 1490 1050 1540 velle
1062 1490 1170 1540 virtutes
1185 1508 1207 1541 ι.

333 1588 407 1650 lillV,
421 1588 485 1651 56l.
506 1590 568 1639 cum
583 1588 699 1639 Bentleio
718 1588 822 1651 legam:
841 1606 854 1632 n
868 1595 911 1637 aut
930 1600 980 1638 non
1001 1588 1109 1650 attingat
1127 1587 1230 1636 omnino
1249 1591 1294 1635 aut
1310 1598 1371 1647 per·

304 1678 395 1728 leviter
411 1684 507 1742 punget
523 1677 600 1727 animi
612 1678 685 1729 dolor
698 1698 727 1742 a,
745 1678 840 1729 omissa
854 1690 916 1727 voce
928 1677 1063 1740 oepritndo,
1080 1688 1155 1739 quarn
1167 1674 1256 1725 delere
1270 1673 1371 1724 volebat

307 1766 418 1817 Ernesti.

335 1863 434 1921 XXVII,
447 1864 507 1927 564.
524 1864 551 1913 Sl
560 1864 605 1913 boc
617 1864 689 1914 verbi
701 1864 809 1913 declaret
817 1864 988 1915 nominativus
998 1864 1115 1925 babetur,
1129 1871 1156 1913 ut
1165 1868 1256 1913 censet
1264 1861 1368 1923 Baiter„

307 1952 348 2002 vix
365 1953 455 2003 abesse
472 1959 567 2014 potest,
584 1959 643 2002 ante
661 1953 767 2002 verbum
778 1954 843 2016 fieri,
863 1953 986 2017 particula
1002 1953 1037 2002 sle
1056 1952 1095 2003 vel
1111 1952 1156 2001 ilc.
1168 1977 1199 1989 -
1218 1951 1230 2013 5
1245 1950 1287 2001 66.
1304 1950 1372 2002 Vidit

307 2041 400 2091 Baiter.
418 2054 474 2091 voc.
487 2040 638 2103 opritudiais
656 2048 714 2091 ante
732 2056 822 2102 causa,
842 2041 968 2105 glossema
985 2054 1059 2103 esse;
1076 2041 1152 2091 codd.
1164 2041 1234 2090 enim
1252 2039 1374 2090 omittunt

306 2133 339 2178 et.
357 2128 423 2177 Bake
436 2129 523 2192 legere
531 2128 649 2178 volebat:
665 2149 674 2171 ι
687 2129 728 2179 cui
740 2142 790 2179 non
804 2130 921 2192 ponenda
932 2141 993 2179 cura
1005 2136 1032 2179 et
1040 2129 1191 2193 aegritudine
1198 2128 1343 2179 serviamus
1353 2148 1374 2188 ι,

307 2229 403 2266 omisso
416 2230 500 2266 careo.

338 2313 450 2376 llllVlll,
468 2314 532 2378 568.
551 2316 634 2365 Malim
648 2317 734 2381 legere
751 2333 757 2365 :
781 2332 929 2367 «summam
947 2318 1107 2381 nequedum
1125 2323 1209 2366 tamen
1222 2315 1374 2379 sapientiam

307 2403 439 2452 consecuti
453 2418 477 2464 »3
496 2413 659 2467 opponuntur
670 2420 794 2455 summum
806 2413 832 2455 et
844 2419 958 2463 summm
970 2418 1027 2455 raro
1039 2406 1119 2455 utitur
1130 2404 1227 2454 Tullius
1239 2403 1290 2467 adi.
1304 2417 1375 2453 tum-

308 2505 364 2540 rnus
377 2491 410 2541 de
422 2492 539 2553 bomine,
560 2494 609 2543 nisi
620 2495 697 2545 addat
708 2508 757 2557 qua
769 2508 845 2545 causa
858 2482 901 2544 aut
913 2508 961 2558 qvia
973 2502 1028 2544 arte
1040 2494 1161 2572 emineat.
1173 2519 1204 2531 -
1216 2494 1228 2555 5
1239 2494 1279 2543 ll.
1293 2492 1376 2543 Omit-

310 2589 360 2631 tam
372 2580 397 2629 id
410 2587 467 2644 post
477 2596 547 2645 erpo,
560 2583 680 2646 quoniam
691 2581 786 2646 legitur
798 2590 857 2632 ante
871 2582 918 2631 «bt
932 2589 1005 2645 turpe
1019 2603 1040 2630 a.

340 2680 426 2729 xxix.
443 2680 537 2744 Legem
549 2695 606 2730 cum
620 2680 696 2730 Balsio
710 2696 717 2728 ι
737 2700 747 2723 r
761 2680 825 2731 idem
838 2694 915 2744 quum
928 2680 1068 2731 audivisset
1082 2698 1109 2741 r,
1127 2692 1173 2742 pro
1186 2678 1253 2741 vulg.
1266 2678 1297 2727 le.

341 2777 421 2835 XXX,
437 2778 451 2841 5
468 2778 509 2827 73.
527 2777 591 2829 Voc.
604 2776 706 2838 fortuna
721 2783 780 2827 ante
800 2778 948 2827 converterit
967 2777 1008 2827 vix
1027 2776 1119 2827 abesse
1139 2782 1236 2840 potest,
1260 2775 1335 2837 deest
1351 2775 1377 2824 ln

310 2865 400 2927 codd,
418 2864 512 2929 legitur
528 2866 594 2929 apud
615 2865 751 2915 Baiterum.
770 2890 802 2902 -
821 2865 932 2915 inseruit
951 2865 1067 2914 Davisius
1083 2878 1124 2926 ee,
1142 2870 1202 2913 aute
1221 2862 1300 2913 verba
1319 2863 1377 2912 aad

310 2953 437 3003 miseriam
456 2954 563 3004 invitant
576 2974 604 3013 a,
620 2954 662 3004 cui
678 2954 818 3005 obsecutus
829 2961 870 3003 est
882 2953 997 3003 Baiterus
1013 2967 1020 3012 ;
1040 2951 1149 3001 Orellius
1165 2950 1285 3013 scripsit:
1304 2969 1316 2994 α
1329 2950 1380 3012 ipsi

311 3042 342 3092 ad
360 3055 389 3092 se
410 3043 467 3092 mis.
483 3042 624 3093 inritant».
640 3069 672 3081 -
691 3043 739 3093 Pro
758 3043 896 3093 vitiosiores
915 3040 1053 3104 legendum
1071 3052 1129 3090 esse
1146 3029 1270 3089 censebat
1286 3036 1379 3087 Bakius

310 3130 432 3190 iustiores,
445 3131 485 3180 vel
497 3131 580 3181 simile
592 3132 667 3196 quid,
686 3131 724 3181 sic
736 3131 803 3181 eninr
817 3129 928 3194 postulat
947 3128 1085 3179 sententia.
1103 3127 1222 3177 Fortasse
1240 3124 1380 3188 scripserat

312 3217 427 3267 Tullius:
445 3237 458 3262 a
472 3232 533 3268 aum
544 3225 604 3268 suut
615 3219 761 3268 vitiosiores
773 3253 866 3268 .....
879 3215 1087 3280 reprehendunt?
1101 3235 1110 3258 ι

344 3319 435 3380 xxxi,
453 3320 518 3384 576.
537 3320 638 3369 lluherii
654 3326 681 3370 et
693 3320 787 3369 Davisii
805 3321 978 3384 conjecturam
994 3318 1097 3369 admisit
1109 3318 1246 3367 Baiterus:
1265 3335 1275 3359 ι
1289 3323 1318 3367 ut
1329 3316 1380 3379 Gy-

313 3410 409 3460 renaici
423 3430 450 3468 »,
468 3423 515 3472 pro
526 3410 601 3460 codd.
615 3411 744 3461 lectione:
762 3428 775 3455 «ι
789 3411 852 3460 nibil
865 3410 923 3460 mali
937 3430 959 3473 v,
976 3423 1033 3475 quae
1045 3410 1085 3458 vla
1099 3408 1261 3471 intelligitur.

344 3505 441 3567 ΧΧΧΙΙ,
455 3505 519 3568 577.
532 3505 705 3555 Omitteudum
717 3505 780 3555 vidit
792 3506 884 3555 Baitios
897 3505 1038 3565 Cleanthea,
1050 3512 1108 3555 ante
1121 3522 1132 3548 a
1146 3503 1202 3567 ipse
1214 3502 1343 3553 fatebatur
1356 3522 1378 3553 a.

312 3618 344 3630 —
355 3592 490 3643 Alcibiades
502 3592 575 3645 facile
587 3594 679 3644 abesse
693 3600 776 3657 potest
789 3601 849 3644 ante
861 3594 1007 3656 adflictaret.
1025 3593 1124 3643 Diutius
1136 3591 1229 3642 talibus
1241 3592 1321 3642 uaevis
1333 3604 1382 3655 pe-

315 3690 451 3745 percerunt
462 3683 554 3732 critici.

346 3780 457 3839 xxxin,
475 3780 489 3845 5
500 3781 540 3830 80.
558 3781 631 3844 liqui
644 3780 732 3844 legunt
743 3781 920 3844 conjunctivus
932 3781 1047 3844 odfinpoi,
1065 3781 1188 3837 adsumat,
1199 3781 1280 3842 putet,
1290 3778 1382 3841 possit.

315 3873 410 3923 debent
418 3873 494 3922 etiam
506 3871 592 3935 legere
601 3884 693 3934 supra:
708 3890 720 3916 n
729 3873 771 3921 cui
782 3879 826 3922 aut
838 3872 930 3921 malum
940 3870 1021 3920 videri
1029 3871 1125 3920 nullum
1134 3869 1221 3933 possit.
1231 3886 1244 3913 n
1253 3866 1380 3931 Equidem

317 3961 420 4011 Balrium
436 3975 539 4025 sequor,
565 3962 608 4024 qui
627 3944 779 4011 indicativus
797 3968 892 4011 tuetur.
907 3988 939 3999 -
956 3961 1089 4011 Excidisse
1100 3966 1172 4023 putat
1191 3972 1247 4008 voc.
1265 3970 1381 4017 merore,

316 4050 383 4098 inter
395 4052 503 4100 manime
516 4057 542 4101 et
554 4049 701 4112 excruciari,
714 4050 829 4100 eruditus
841 4050 931 4111 lector,
944 4051 1038 4113 dequo
1051 4049 1111 4111 528.
1124 4076 1155 4084 -
1163 4044 1274 4096 offendit
1287 4044 1381 4095 merito

317 4139 439 4202 quosdam
452 4140 556 4189 criticos
566 4141 623 4190 adr.
637 4144 719 4188 lumen
730 4145 790 4188 ante
803 4160 813 4180 «
828 4145 856 4187 ut
870 4138 1013 4187 videremus
1027 4158 1055 4199 ι,
1072 4149 1149 4200 quum
1159 4134 1211 4197 iam
1225 4134 1295 4198 virius
1308 4134 1382 4198 lega·
1407 4134 1410 4139 '

317 4234 376 4287 tur;
393 4226 475 4289 legam
489 4229 595 4285 lentum,
607 4229 674 4291 quod
687 4228 754 4278 benc
767 4226 905 4288 respondet
917 4226 949 4275 iis
961 4238 1017 4289 quae
1028 4231 1177 4289 sequuntur.
