3325 5159
298 577 334 634 86
493 576 534 633 lin
553 588 672 634 nsouurt
690 588 805 634 strunt
824 578 847 647 1,
866 589 1029 647 xxxiv-xor,
1047 576 1157 636 93-iit.

299 714 346 764 tari
356 713 485 764 solertiam
497 722 592 763 naturae
605 720 688 776 potest
702 732 725 776 ι,
738 726 794 777 qua».
804 713 996 764 seutentinsinc
1007 712 1091 764 iructu
1101 712 1226 764 orationis
1232 712 1358 763 seriemet

299 810 394 853 motum
407 802 509 865 rumpit.

328 892 432 950 xxxiv,
445 894 457 955 ς
468 892 507 942 93.
525 891 656 954 Zumptius
669 891 707 953 (in
720 890 797 941 acad.
811 890 922 941 benolio.
935 890 1006 941 Actis
1016 890 1076 940 anui
1090 890 1195 953 istun.
1205 891 1261 949 tot,
1270 890 1359 951 notit)

297 981 431 1045 legendum
444 994 502 1031 esse
515 981 613 1031 monuit
624 982 697 1043 (post
709 979 797 1038 Titum.
811 979 1045 1042 bidobrandinum)
1056 978 1192 1042 prilium,
1205 992 1238 1029 ex
1248 979 1358 1030 auctori-

299 1077 350 1120 tate
361 1070 481 1135 Diogenis
491 1067 595 1131 Laertii,
608 1069 659 1131 vlt,
672 1069 712 1131 39,
727 1083 772 1131 pro
785 1068 854 1132 vulg.
867 1068 925 1118 lect.
936 1066 1194 1132 Spumeusrtum,
1204 1066 1359 1119 statuendi

298 1173 365 1220 cum,
383 1157 456 1223 quam
474 1159 646 1223 conjecturam
664 1160 777 1209 editores
794 1157 951 1208 recentiores
967 1157 1144 1220 neglexerunt.
1158 1182 1184 1194 -
1199 1156 1272 1207 ilaud
1288 1156 1359 1207 boile

297 1248 399 1299 credam
411 1248 489 1298 latino
502 1248 579 1298 uerbo
589 1262 676 1298 murro
688 1259 761 1298 usum
774 1246 853 1296 iuisse
864 1247 1008 1305 Zenonem
1025 1245 1110 1295 malim
1126 1244 1206 1310 igitur
1220 1259 1280 1296 curu
1295 1260 1359 1309 quo-

296 1334 354 1382 dam
367 1334 421 1383 viro
433 1333 508 1383 docto
521 1333 608 1396 legere
626 1337 682 1381 utar
701 1345 746 1395 pro
764 1336 844 1381 utem.
863 1330 955 1381 Scurra
972 1329 1111 1394 respondet
1125 1342 1210 1394 graeco
1225 1324 1306 1401 εἴρων.
1322 1355 1360 1366 -

297 1417 360 1479 596.
373 1417 508 1468 Abundare
519 1417 581 1467 mibi
594 1417 694 1468 ridetur
706 1431 763 1468 roc.
779 1422 870 1467 nutura
886 1423 942 1480 post
960 1416 1051 1468 verba:
1071 1436 1081 1458 ι
1095 1429 1152 1479 qum
1168 1415 1222 1465 soia
1238 1415 1324 1466 divina
1338 1435 1358 1464 ι.

297 1533 328 1541 -
339 1507 466 1569 sequutus
477 1514 517 1557 est
528 1508 556 1556 u.
569 1506 597 1555 F.
610 1506 651 1556 W.
664 1506 797 1555 Mulierum
809 1507 938 1569 legentem
950 1506 1060 1565 deorum,
1074 1519 1120 1568 pro
1128 1503 1197 1569 vulg.
1205 1505 1258 1563 deo,
1275 1504 1320 1554 Bai

296 1611 340 1648 rus
350 1599 376 1648 in
388 1600 430 1649 ed.
442 1598 511 1661 Lips.
1317 1623 1321 1629 -

327 1687 422 1749 xxxv,
435 1687 497 1750 tat.
515 1687 611 1738 iiorruit
624 1687 715 1737 balius
728 1687 745 1735 l.
759 1687 775 1735 i.
789 1686 857 1736 bunc
869 1687 966 1737 iocum:
981 1707 991 1730 «
1006 1689 1043 1736 Au
1055 1685 1190 1750 quicquam
1204 1693 1253 1735 tam
1263 1685 1360 1747 puerile

296 1776 347 1827 dici
359 1784 452 1839 potest,
467 1784 495 1826 ut
506 1777 623 1826 eumdem
635 1776 719 1825 locum
731 1776 827 1826 diutius
838 1788 953 1839 urgeam,
961 1788 1036 1839 quam
1045 1776 1068 1824 si
1077 1787 1107 1825 ea
1114 1786 1209 1837 genera
1217 1774 1360 1836 beluarum,

297 1878 353 1928 quae
362 1866 388 1914 io
401 1864 479 1916 rubro
491 1865 555 1914 mari
567 1865 669 1916 ludicre
681 1865 826 1928 gignantur,
839 1864 907 1914 nulia
919 1877 977 1915 esse
988 1861 1118 1915 dicamus?
1129 1864 1207 1928 Atqui
1222 1875 1255 1914 ne
1273 1864 1361 1914 curio-

295 1954 390 2003 sissimi
403 1954 506 2017 quidem
518 1954 635 2004 homines
646 1954 803 2018 exquirendo
814 1953 904 2004 audire
916 1961 967 2005 tatu
984 1953 1062 2003 multa
1079 1959 1194 2016 possunt,
1211 1966 1267 2017 quse
1283 1960 1360 2014 terra,

297 2042 370 2103 mari,
383 2040 526 2104 paludibus,
545 2041 691 2091 fluminibus
707 2042 836 2104 existunt;
852 2055 908 2106 quae
922 2055 1046 2107 negemus
1061 2054 1130 2104 csse,
1148 2041 1207 2105 quia
1224 2054 1361 2105 numquam

296 2130 443 2182 vidimus‘l·
458 2130 661 2180 transferendum
673 2144 732 2180 esse
747 2130 779 2180 ad
797 2131 874 2180 tinem
893 2132 905 2194 i
924 2132 964 2193 88,
983 2139 1041 2195 post
1058 2130 1161 2181 «rideri
1178 2136 1203 2180 te
1220 2136 1324 2193 putares
1337 2150 1359 2193 ·,

296 2221 337 2269 cui
350 2219 460 2269 libenter
471 2219 607 2269 assentior.
618 2246 649 2254 -
661 2218 672 2281 i
683 2218 723 2269 ta.
737 2219 856 2269 Fortasse
868 2218 964 2269 Tullius
975 2218 1092 2282 scripsit:
1108 2239 1117 2262 ι
1132 2219 1185 2269 oris
1198 2218 1304 2283 quidem
1315 2218 1362 2268 im-

297 2309 353 2358 titus
363 2309 395 2359 ad
407 2309 464 2358 ritae
477 2308 621 2358 firmitatem
633 2307 695 2356 nibil
708 2308 821 2370 pertinet
832 2323 861 2368 r;
874 2308 993 2373 quoniam
1011 2321 1088 2371 supra
1105 2308 1183 2359 dixit:
1202 2328 1213 2352 «
1226 2308 1290 2372 quid
1308 2308 1362 2372 ipsa

297 2398 391 2449 iacies?
404 2420 413 2441 ι
430 2412 481 2449 non
493 2411 558 2461 opus
569 2405 610 2448 est
621 2411 763 2449 memorare
775 2399 828 2449 oris
839 2398 956 2448 lubitum.

327 2489 434 2548 xxxiii,
446 2490 458 2552 5
471 2489 525 2539 itte.
542 2489 635 2539 Davisii
646 2489 772 2539 correctio
783 2488 910 2552 legentis:
926 2497 1021 2552 «atque
1033 2487 1155 2538 licentia·
1171 2501 1216 2552 pro
1225 2488 1294 2554 vulg.
1307 2506 1321 2534 r
1329 2490 1362 2538 tt

296 2590 370 2641 quam
383 2576 506 2627 licenter!
523 2576 610 2625 »mibi
623 2576 725 2625 ridetur
736 2576 902 2635 admittenda,
922 2582 950 2625 ut
966 2584 1025 2639 pote
1042 2588 1098 2640 quae
1116 2575 1236 2626 Tutttanae
1252 2575 1362 2627 undoni

297 2669 377 2733 tnagis
393 2675 573 2719 consentanea.
586 2695 615 2703 —
628 2667 745 2718 Alienum
760 2668 844 2719 locum
861 2668 1023 2731 usurpavisse
1039 2681 1133 2719 censeo
1150 2668 1227 2718 rerba
1245 2680 1303 2733 quta
1319 2679 1362 2720 se-

296 2764 420 2821 quuntur:
434 2777 446 2801 a
461 2757 605 2807 Fluentium
616 2756 765 2821 frequenter
776 2757 893 2807 transitio
905 2756 934 2806 iit
945 2756 1079 2814 visionum.
1092 2763 1121 2807 ut
1131 2770 1146 2807 e
1157 2755 1245 2807 multis
1256 2769 1307 2807 una
1322 2756 1362 2806 vi·

297 2848 387 2896 deatur
400 2866 422 2905 r,
434 2858 490 2909 quae
503 2845 576 2908 paulo
588 2858 664 2907 supra
676 2852 735 2908 post
747 2846 835 2908 partic.
848 2846 964 2896 invocata
976 2846 1105 2905 bausiator,
1117 2845 1272 2897 sententium
1287 2859 1362 2898 com-

297 2934 405 2996 plerent,
419 2934 456 2984 sic
468 2934 593 2998 legendo:
610 2954 621 2978 ι
634 2934 798 2985 adilueutium
811 2935 845 2985 ito
857 2934 1004 2999 frequenter
1015 2935 1132 2986 transitio
1144 2934 1172 2986 iit
1184 2935 1321 2999 visionum,
1334 2942 1363 2986 ut

296 3035 311 3072 e
323 3022 409 3072 multis
419 3035 468 3072 uua
480 3022 606 3073 videatur.
618 3042 628 3064 ι
642 3022 713 3071 conl.
726 3021 740 3086 5
752 3021 792 3071 tt.
805 3049 834 3057 —
848 3022 968 3085 Suspicor
979 3023 1127 3073 Ciceronem
1134 3023 1284 3085 scripsisse:
1295 3024 1362 3073 «im-

297 3111 429 3161 mortalem
445 3110 530 3170 olt'um,
549 3123 595 3161 seu
614 3110 722 3174 utiquam
739 3123 797 3160 esse
815 3117 936 3174 oportere
952 3130 974 3172 ·‚
991 3123 1038 3173 pro
1055 3110 1123 3174 vulg.
1143 3109 1202 3161 lect.
1222 3112 1316 3171 etinm,·
1333 3120 1362 3163 ut

296 3205 399 3267 scripsit
410 3202 491 3253 inira:
507 3225 517 3247 ι
530 3203 582 3253 sint
594 3204 671 3267 aliqui
683 3203 839 3253 immortales
853 3223 874 3251 u.
887 3231 914 3239 -
930 3204 990 3254 Post
1002 3204 1094 3254 rerba:
1109 3204 1249 3268 «quoniam
1257 3217 1362 3257 nascun-

298 3298 339 3342 tur
349 3292 375 3341 in
389 3299 455 3342 terra
470 3311 492 3352 ι,
506 3291 598 3342 Baitios
608 3292 625 3339 i.
639 3291 655 3339 Ι.
670 3292 744 3341 velit:
759 3313 769 3335 ι
783 3292 831 3342 sint
842 3293 884 3357 qui
897 3299 1033 3343 nascantur
1044 3294 1070 3343 in
1082 3306 1146 3357 aqua
1157 3312 1179 3355 ι,
1188 3295 1360 3358 quodconre-

296 3381 335 3431 nit
350 3394 407 3431 curu
422 3400 432 3423 ι
445 3380 496 3429 sint
512 3394 567 3444 quae
584 3388 737 3430 conservent
749 3400 771 3428 ι.
784 3407 815 3417 -
826 3382 838 3443 5
851 3383 904 3431 iiii.
925 3381 1039 3432 Baiterus
1050 3382 1155 3433 seclusit
1165 3382 1260 3433 verba:
1279 3405 1291 3427 «
1304 3397 1361 3448 que

299 3471 365 3520 uuila
378 3476 438 3520 suot
451 3489 473 3532 ι,
486 3482 542 3533 quae
554 3468 627 3520 iacile
638 3470 730 3520 abesse
742 3478 850 3533 possunt
862 3471 925 3521 etin
938 3471 1042 3533 optimis
1052 3472 1183 3523 codicibus
1195 3475 1216 3523 Α
1227 3474 1247 3524 C
1258 3472 1360 3524 desunt.

328 3560 380 3622 tlt,
395 3560 406 3623 5
420 3560 473 3609 iii.
491 3559 643 3610 iamdudum
655 3560 754 3610 viderat
764 3559 902 3611 Lambinus
913 3561 1058 3611 addendum
1070 3574 1128 3612 esse
1140 3575 1200 3621 uon,
1215 3562 1284 3613 iuter
1300 3575 1361 3627 quor

298 3658 325 3701 et
333 3650 440 3715 pudeat,¹
452 3647 520 3713 quod
532 3649 646 3713 plerique
657 3649 771 3699 editores
781 3650 821 3700 rei
842 3650 1020 3715 neglexerunt,
1038 3650 1078 3701 rei
1094 3664 1145 3701 non
1162 3650 1360 3712 intellexerunt;

298 3739 448 3789 Lambinum
459 3745 583 3802 sequutus
601 3746 641 3787 est
657 3737 772 3788 Baiterus
788 3738 815 3787 iu
826 3738 869 3789 ed.
886 3738 956 3801 Tur„
974 3738 1112 3804 Kayserum
1123 3739 1252 3804 legentem
1269 3740 1360 3790 merito

300 3840 389 3892 «quos
407 3840 457 3878 non
474 3827 550 3891 pudet
564 3846 575 3871 ι
589 3826 614 3876 iu
631 3827 673 3877 ed.
686 3825 755 3889 Lips.
768 3853 798 3862 -
810 3827 822 3889 5
836 3827 890 3877 tlt.
904 3827 1004 3878 Baitero
1018 3848 1029 3871 «
1043 3835 1140 3890 nectar,
1152 3828 1306 3879 ambrosiam
1322 3841 1359 3878 »a

297 3916 437 3980 glossatore
449 3916 535 3967 addita
547 3916 681 3977 videntur;
698 3916 782 3980 itaque
795 3916 913 3966 ea'verba
925 3916 1040 3976 seclusit,
1057 3917 1098 3967 cui
1114 3923 1143 3967 ut
1158 3929 1234 3980 supra
1250 3916 1359 3968 libenter

297 4006 431 4057 assentior.
444 4033 474 4042 -
485 4006 498 4068 5
510 4005 564 4056 113.
578 4005 677 4055 liaiim:
693 4006 794 4055 «mutto
811 4006 1034 4068 impudentiore»,
1050 4019 1103 4057 non
1120 4005 1188 4056 enim
1204 4007 1237 4057 de
1253 4019 1360 4058 numero

297 4094 381 4157 agitur
393 4095 438 4145 sed
451 4094 483 4145 de
495 4094 584 4158 gradu.

327 4180 391 4242 libi,
403 4184 415 4245 ξ
429 4183 483 4232 tit.
501 4182 606 4246 Legitur
617 4182 684 4245 apud
695 4183 808 4243 codices,
821 4196 867 4232 seu
882 4204 892 4226 «
906 4197 956 4247 quo
968 4183 1044 4235 modo
1056 4198 1106 4235 uon
1119 4189 1232 4235 oereotur
1239 4184 1289 4236 iste
1296 4186 1361 4236 deus

296 4270 418 4328 beatus»,
430 4282 476 4320 seu
483 4275 619 4334 rnoueutur,
633 4284 689 4335 qtrae
700 4271 796 4322 nulium
804 4283 908 4321 sensnm
918 4279 1051 4335 praestant3
1060 4272 1168 4324 Orellius
1180 4272 1314 4324 addebat«
1326 4287 1360 4324 ue

296 4359 674 4424 intereat-legendouereutur5
683 4360 824 4424 Madvigius
831 4359 936 4422 conjicit
942 4362 1220 4419 oontmutumiiaiterus
1226 4362 1252 4412 in
1260 4371 1358 4414 textum
