3325 5159
299 564 333 620 tt
501 563 543 620 lle
556 576 671 620 mutnus
684 575 823 621 nououmt
841 564 876 633 li,
892 575 1046 633 xrttuxtv,
1062 562 1157 623 ill-78.

297 706 476 761 intersumus,
495 707 523 749 ut
542 699 589 749 tlbl
607 699 762 751 serviremus
773 710 780 759 ;
792 697 861 749 allud
880 698 977 762 negotii
996 696 1059 748 nibil
1078 697 1234 759 babemus»,
1246 699 1280 749 de
1291 701 1367 765 eujus

297 785 408 835 clausula
426 786 560 850 ambigunt
578 784 686 847 librarii,
710 798 768 834 oum
791 784 1005 835 antecedentibus
1023 797 1071 835 nec
1090 784 1212 836 orationis
1223 784 1305 837 lorma
1319 800 1366 837 neo

298 886 374 924 eursu
386 873 511 925 cabrer-cta
525 874 587 923 nibil
601 885 705 937 prorsus
715 872 787 923 addit
798 873 878 924 totius
894 873 942 924 locl
955 874 1053 933 uirtuti,
1066 873 1179 938 mihique
1192 874 1294 926 ridetur
1305 888 1367 926 seu-

300 963 378 1013 tentia
390 976 472 1027 graeca
484 976 515 1013 ex
534 963 600 1013 libro
612 961 741 1011 Cleanthis
752 960 886 1025 desumpta
898 967 976 1026 atque
988 962 1015 1012 in
1026 975 1172 1013 sermonem
1183 962 1289 1013 latinum
1302 977 1369 1014 oon-

301 1064 385 1112 rersa‚
404 1053 458 1103 sive
476 1052 509 1101 ab
528 1052 584 1115 ipso
595 1050 677 1102 Tullio
689 1051 732 1114 qni
744 1062 774 1101 ea
787 1051 823 1101 uti
837 1050 939 1102 volebat
950 1058 976 1102 et
988 1050 1121 1102 consilium
1140 1051 1254 1111 mutarit,
1266 1052 1323 1103 sire
1334 1053 1366 1103 ab

299 1141 349 1191 tlio
367 1142 476 1205 quodum
492 1140 536 1203 qul
552 1151 607 1189 eam
624 1140 650 1189 in
662 1140 777 1203 margine
788 1139 927 1203 scripserat
939 1153 954 1192 e
966 1141 1072 1203 regione
1084 1140 1238 1191 verborum:
1252 1142 1305 1192 «ad
1318 1154 1367 1192 au·

271 1257 273 1260 v
299 1244 354 1281 rem
365 1230 533 1280 admonerent
542 1247 564 1291 ι,
577 1230 645 1280 uude
658 1229 683 1278 iu
694 1236 842 1279 contextum
854 1229 967 1293 irrepsit.
979 1231 1074 1280 Tacent
1085 1226 1177 1280 critici.

329 1317 405 1379 xxti,
418 1318 480 1380 §lb
500 1316 624 1367 biberunt
642 1317 746 1368 codices
761 1318 794 1367 de
807 1318 940 1368 membro:
962 1318 1027 1381 «qul
1046 1317 1071 1367 iu
1091 1317 1221 1381 voluptate
1238 1330 1367 1369 summum

299 1408 393 1457 bonum
407 1414 517 1469 ponat·;
531 1406 569 1456 sic
582 1405 677 1456 babent
689 1406 747 1465 am
760 1407 789 1469 B,
803 1407 867 1470 «qui
881 1396 1044 1470 uoluptatem,
1053 1413 1105 1456 etc.
1117 1426 1127 1449 »
1139 1419 1146 1467 ;
1158 1406 1240 1457 ceteri
1252 1406 1368 1470 plerique

299 1497 360 1545 daut
374 1498 448 1559 putot
456 1514 465 1553 ‚·
481 1494 543 1545 milri
558 1496 663 1559 quidem
689 1496 790 1545 ridetur
812 1496 936 1546 orationis
955 1495 1035 1545 motui
1054 1494 1157 1557 obesse,
1169 1508 1217 1545 neo
1229 1508 1260 1546 eo
1272 1495 1370 1546 omisso

299 1584 434 1647 quicquam
446 1584 588 1635 desideres.
597 1611 628 1621 -
639 1583 757 1635 Nonnihil
769 1582 876 1635 offendit
887 1584 1007 1646 repetitio
1018 1582 1089 1634 uerbi
1099 1584 1246 1647 polliceturr
1258 1582 1368 1634 tortasse

300 1672 400 1735 Cicero,
412 1672 454 1722 bic
466 1680 494 1723 ut
505 1671 575 1734 alibi,
588 1672 736 1736 scripserat,
745 1685 791 1735 prn
803 1671 927 1730 secundo,
936 1673 1077 1735 profitetur.
1087 1670 1159 1721 Coni.
1168 1671 1250 1734 Epist.
1258 1670 1328 1720 Fam.
1336 1670 1368 1731 V,

300 1764 324 1811 8.
342 1787 365 1799 -
380 1762 517 1812 abundare
535 1761 597 1810 milri
615 1761 717 1811 ridetur
739 1773 795 1811 roc.
814 1759 896 1819 rebar,
910 1760 1015 1823 postitio
1034 1759 1112 1815 caim,
1127 1766 1187 1809 ante
1199 1758 1323 1808 detractio.
1337 1785 1369 1795 -

302 1849 363 1909 §it
373 1848 529 1911 iampridem
543 1848 662 1897 viderunt
673 1847 756 1896 critici
768 1860 823 1897 roc.
833 1846 996 1896 certissimum
1006 1845 1117 1895 alienum
1129 1846 1161 1895 ab
1173 1845 1221 1895 boc
1233 1845 1290 1895 loco
1298 1857 1368 1904 esse,

301 1948 349 1985 nec
361 1936 429 1985 bene
439 1946 532 1986 sonore
544 1936 611 1985 iuter
620 1940 741 2000 certeque,
749 1938 865 1998 certoque
875 1952 883 1991 ;
895 1934 955 1984 ideo
966 1933 1013 1983 Tb.
1027 1932 1159 1983 Bentleios
1170 1933 1256 1996 legere
1266 1932 1370 1983 volebat
1382 1969 1386 1974 .

302 2024 480 2088 trrrpirrimum‚
505 2025 619 2075 Bremius
639 2024 883 2087 pemieorbrimom,
904 2022 1016 2073 Klotzius
1029 2011 1370 2087 perversissimum,aliino-

301 2114 478 2172 ceritirrr'rurrm,
493 2114 679 2178 pronissimum,
692 2125 749 2176 quaa
760 2111 844 2163 omnia
857 2113 950 2162 mentis
962 2112 1050 2162 uitium
1063 2111 1218 2175 significant,
1235 2123 1314 2175 quum
1325 2124 1370 2161 re·

301 2201 417 2263 quiratur
427 2202 669 2265 argumentationis:
677 2201 796 2265 equidem
809 2200 893 2265 legam
905 2214 952 2250 seu
963 2200 1167 2264 recreandarum,
1179 2213 1225 2252 seu
1237 2201 1370 2251 solertiori-

301 2306 380 2350 mam,
395 2294 463 2344 uude
475 2293 550 2344 iaeile
560 2294 622 2344 oriri
634 2294 716 2356 potuit
731 2300 849 2357 suspecta
861 2293 938 2343 lectio
951 2292 1123 2343 certissimum.
1136 2319 1166 2329 -
1179 2292 1241 2356 gil.
1250 2293 1370 2344 Nonnulli

301 2382 405 2431 codices
419 2395 470 2432 nou
489 2382 632 2433 deteriores
653 2381 774 2433 omittunt
793 2382 867 2447 quod,
884 2381 951 2433 inter
961 2381 1010 2431 oiri
1020 2389 1047 2432 et
1056 2381 1136 2446 btrpr'r
1146 2400 1155 2439 ‚·
1167 2381 1229 2431 mibi
1243 2394 1303 2434 vero
1316 2388 1369 2433 tota

302 2470 577 2533 interrogationem,
595 2469 643 2519 uisl
662 2470 730 2533 quod
749 2470 832 2534 turpis
852 2470 934 2522 oratio
952 2469 1012 2519 est?
1025 2467 1245 2532 »spuria'ridetur
1258 2476 1285 2521 et
1295 2469 1370 2520 facile

303 2557 459 2620 supplenda;
472 2568 521 2620 qua
539 2557 632 2607 omissa
649 2558 731 2608 oratio
747 2555 827 2607 multo
844 2558 924 2622 magis
936 2558 1055 2621 expedita
1067 2565 1124 2619 est3
1136 2563 1162 2608 et
1177 2570 1232 2621 qute
1244 2549 1372 2621 εἰρωνικῶς

302 2644 434 2708 subiungit
444 2644 540 2694 Tullius
551 2644 589 2694 sie
601 2644 761 2695 meliusnam
772 2645 944 2695 anterioribus
955 2645 1120 2695 conueniunt.

335 2734 420 2795 xliiii,
433 2734 445 2795 ἓ
456 2734 497 2783 75.
509 2733 573 2793 Quid
583 2734 665 2797 jurat,
679 2740 736 2796 post
748 2734 842 2784 rerba:
858 2733 927 2784 «noc
942 2734 1010 2784 enim
1023 2733 1164 2785 identidem
1175 2732 1261 2782 dicitis
1271 2751 1292 2792 r,
1302 2732 1370 2783 istud

303 2822 447 2871 membrum
466 2821 576 2872 addere:
592 2834 662 2871 «uon
682 2822 827 2885 intelligere
847 2834 893 2871 nos
912 2835 986 2886 qnam
999 2821 1091 2873 dicatis
1102 2821 1291 2884 voluptatem»,
1302 2823 1373 2884 quod

303 2912 445 2961 orationem
457 2913 538 2961 tardat
549 2910 700 2976 effetamque
713 2910 833 2975 prestat?
848 2910 918 2962 idem
930 2912 1066 2963 dicendum
1077 2912 1111 2962 de
1122 2911 1206 2962 inciso
1219 2930 1229 2953 ι
1240 2923 1318 2974 quum
1331 2911 1371 2961 di-

304 2999 362 3049 citis
371 3018 393 3061 »,
415 3006 470 3063 post
488 2999 623 3057 indiuiduo,
635 3000 704 3063 quod
716 3000 837 3050 omittunt
848 3000 909 3050 boni
918 3000 1031 3063 codices,
1044 2999 1211 3063 probantibus
1222 3000 1335 3050 Manutio
1346 3007 1373 3051 et

305 3086 436 3136 [lambino.
449 3088 514 3147 Quid
527 3088 594 3137 valet
604 3088 728 3148 omnibus,
741 3095 799 3151 post
809 3101 899 3138 rocem
909 3088 1049 3151 proceribus
1059 3088 1149 3148 lQuod
1157 3087 1228 3138 norit
1239 3099 1372 3151 onuspas·

303 3187 345 3225 ser
356 3175 383 3225 id
394 3176 479 3225 sciunt
490 3188 590 3225 omues.
602 3176 656 3225 iloc
668 3175 783 3239 ineptum
795 3177 907 3226 omnibus
919 3177 1018 3228 cuidam
1029 3176 1373 3240 indulgentioriludimagis-

305 3269 344 3313 tro
360 3263 480 3324 debetur,
500 3264 544 3326 qui
563 3263 674 3313 lectores
685 3264 829 3314 admodum
848 3265 926 3315 rudes
945 3264 1065 3316 monebat
1081 3264 1201 3316 omnibus
1212 3270 1300 3315 notum
1312 3276 1372 3315 esse

304 3351 371 3414 quod
385 3364 502 3414 pesseres
510 3351 559 3413 ipsi
571 3359 674 3402 norunt.

335 3443 446 3508 xxtv‚§
461 3446 502 3493 77.
521 3444 652 3494 Sententia
665 3457 713 3509 qua
725 3445 826 3496 orditur
836 3453 913 3510 caput
924 3446 1014 3495 XXIV:
1028 3446 1111 3496 «Vide
1124 3446 1202 3509 igitur
1215 3458 1247 3496 ne
1259 3458 1311 3495 nou
1321 3445 1372 3495 de·

304 3539 366 3587 beas
384 3538 471 3587 verbis
489 3539 586 3588 nostris
603 3538 651 3600 uti,
664 3539 801 3589 sententiis
812 3540 863 3590 tuis
871 3559 894 3599 »‚
905 3540 930 3589 in
943 3540 1027 3590 alieno
1038 3539 1096 3589 loco
1108 3546 1172 3601 stat,
1184 3539 1252 3603 qnod
1263 3538 1372 3588 demon-

304 3632 367 3676 strat
379 3625 500 3688 particula
512 3625 597 3687 ipitur,
609 3639 684 3691 quam
700 3627 798 3677 addunt
810 3627 925 3692 plerique
937 3628 1050 3689 codices,
1063 3628 1130 3678 inter
1141 3640 1206 3691 quos
1217 3626 1372 3690 optimibii·

305 3715 330 3763 bi
343 3715 444 3765 ridetur
459 3713 635 3765 transterenda
655 3722 714 3764 ante
733 3716 877 3765 membrum
888 3730 939 3780 quo
953 3716 1102 3767 terminatur
1114 3716 1140 3778 §a
1155 3728 1206 3765 «ne
1218 3715 1245 3765 id
1258 3726 1309 3764 non
1322 3728 1372 3776 po-

305 3805 364 3853 deal
381 3802 478 3853 sentire
496 3803 565 3866 quod
582 3803 675 3865 pudeat
690 3804 778 3854 dicere
787 3824 808 3854 ».
821 3832 850 3840 -
864 3803 931 3868 578.
942 3803 1124 3854 Conirrsionem
1136 3814 1211 3866 quatu
1225 3801 1334 3864 produnt
1346 3808 1372 3851 et

304 3892 421 3941 codicum
439 3891 575 3941 uarietates
596 3899 623 3942 et
641 3892 789 3942 criticorum
807 3892 944 3942 tentamina
962 3899 1044 3943 ortam
1059 3904 1117 3941 esse
1135 3891 1261 3953 suspicor,
1275 3896 1326 3939 tum
1339 3903 1370 3939 ex

303 3980 467 4030 translatione
478 3980 622 4039 verborum,
631 3986 684 4029 tum
695 3994 727 4030 ex
740 3979 945 4042 interpolatione,
954 3980 1047 4042 quibus
1054 3979 1091 4029 sic
1099 3979 1209 4042 legendo
1218 3978 1372 4029 medendum

304 4079 362 4117 esse
369 4081 471 4117 censen:
482 4067 528 4117 «lit
537 4069 651 4129 prodest,
659 4068 813 4131 iuquismibi
821 4080 853 4118 eo
858 4080 916 4117 esse
922 4068 1017 4128 animo,
1026 4067 1221 4131 etenimscquor
1226 4067 1370 4117 utilitatem.

260 4216 268 4220 ν
304 4154 1370 4219 -lmmorideriiortasse3quiautemessepoteris‚r.isiteamoripseceperithuod

306 4258 356 4293 nou
364 4244 499 4307 subducta,
509 4251 577 4294 eto.»
590 4244 773 4304 bantcodices‚
781 4243 905 4307 postadr.
917 4241 1030 4303 fortusse:
1040 4265 1051 4287 α
1059 4256 1117 4295 esse
1128 4242 1252 4294 euimnisl
1262 4244 1314 4293 eris
1322 4256 1372 4293 non

306 4340 379 4395 pates
389 4326 486 4396 ·‚'‹prod
495 4334 535 4381 ris
548 4332 701 4382 edicernuts
713 4344 787 4380 mauu
801 4331 903 4381 lluulsse
916 4331 1023 4392 credam
1035 4331 1372 4395 itaqueGraser.ingeuiose
