3325 5159
405 589 642 646 Tusouurumnuu
658 602 900 661 msrumrrouuu,
917 591 957 661 ll,
974 603 1131 661 xix-xxm,
1147 593 1241 650 44-65.
1332 595 1365 650 di

294 747 306 768 «
321 724 444 776 coluthon
457 738 515 775 esse
527 725 636 775 dixisset
651 742 657 773 :
677 738 735 775 uam
751 727 890 789 syntactica
904 727 1027 777 orationis
1038 726 1118 777 torma
1139 734 1242 790 optume
1257 735 1365 779 constat.

298 814 391 875 «Quid
405 815 539 865 hloserus?
555 814 610 864 lion
629 814 715 865 terens
733 816 864 865 audaciam
885 816 995 878 Nissenl,
1013 816 1104 866 abesse
1123 816 1158 866 ait
1171 823 1228 879 post
1244 830 1320 881 quom
1329 819 1365 880 fit,

297 922 309 945 ·
324 903 395 966 quod
407 902 533 953 facillume
545 903 710 966 intellegatur
722 905 729 965 t
740 903 764 964 l)
782 904 891 953 dolorem
908 906 978 967 pati,
996 917 1026 954 er
1039 917 1071 954 eo
1084 904 1152 953 haud
1164 903 1301 954 difficulter
1319 918 1366 955 au·

298 990 375 1040 «diri
394 991 503 1039 dotorem
520 992 715 1053 perpetiendum.
742 993 790 1041 Sed
812 992 874 1055 quid
894 992 937 1043 liet
957 992 1121 1043 conclusione
1140 1000 1167 1043 et
1185 994 1328 1053 sententia,
1345 996 1368 1044 si

298 1094 312 1120 κ
326 1075 396 1126 aliud
408 1082 449 1132 cst
461 1076 533 1139 quod,
546 1076 615 1126 aliud
627 1076 675 1125 iti?
689 1096 699 1117 ι
716 1077 785 1148 Νάφε
798 1078 840 1127 καὶ
854 1073 958 1149 μέμνασ’
975 1079 1098 1129 ἀπιστεῖν.

329 1172 399 1234 xix,
417 1173 480 1234 544.
498 1171 594 1234 Opinor
607 1173 744 1235 legendum
761 1186 819 1221 cum
841 1173 938 1222 Balriot
958 1174 1003 1223 «ts
1018 1182 1114 1223 tautum
1127 1182 1227 1235 monet,
1246 1182 1368 1239 quatitum

296 1259 415 1323 intelligo
429 1274 458 1320 ·;
482 1273 540 1309 nam
559 1260 581 1309 si
601 1260 670 1323 legas
689 1268 838 1323 «quantum
856 1260 976 1325 intelligit
990 1281 1017 1324 n,
1036 1262 1164 1313 videbitur
1183 1264 1279 1313 ironice
1299 1264 1369 1326 loqui

298 1348 406 1408 Cicero,
423 1348 492 1411 quod
509 1347 621 1398 nondum
638 1348 722 1398 decet.

331 1435 401 1493 llxl,
415 1435 481 1500 548.
499 1435 621 1494 Quoniam
634 1435 741 1485 rerbum
754 1436 818 1484 tueri
830 1435 941 1485 retertur
952 1437 984 1486 ad
998 1437 1114 1499 lamuloS,
1128 1437 1168 1486 vix
1181 1437 1273 1487 abesse
1286 1445 1370 1500 potest

299 1535 377 1586 praep.
390 1523 435 1581 ud,
456 1530 515 1572 ante
527 1523 684 1585 niquitatem,
702 1529 730 1572 ut
741 1523 790 1573 hoc
803 1537 860 1574 roc.
872 1537 930 1573 cum
943 1533 1008 1587 part.
1021 1529 1146 1574 reuocatos
1158 1532 1284 1588 nectatur,
1303 1527 1369 1577 sicut

301 1610 404 1661 volebat
417 1610 518 1666 Balirrs.

332 1698 408 1758 llllll,
426 1698 440 1762 5
451 1698 491 1748 52.
509 1698 628 1749 Fortasse
640 1700 736 1750 Tullius
748 1701 888 1762 scripserat
901 1715 907 1748 :
927 1719 938 1743 a
951 1700 979 1750 Si
990 1704 1113 1750 tentatum
1131 1701 1220 1751 dolore
1232 1714 1326 1765 corpus
1340 1721 1369 1763 n,

300 1799 348 1850 pru
368 1787 436 1850 vulg.
456 1790 559 1836 iactum.
584 1787 656 1837 (loni.
676 1789 704 1837 T.
718 1788 747 1836 b.
761 1787 800 1846 lV,
821 1787 886 1852 531.
907 1801 931 1838 c.
945 1787 1007 1837 xlv.
1021 1815 1047 1823 -
1063 1789 1205 1838 blembrum
1222 1804 1230 1836 ·.
1248 1808 1259 1833 a
1275 1790 1325 1839 iiec
1344 1790 1369 1840 iu

299 1874 390 1925 dolore
409 1875 491 1939 magis
508 1888 584 1937 quarn
602 1876 693 1925 eadem
709 1875 919 1939 inuoluptate»,
937 1875 1047 1926 alienum
1062 1877 1095 1925 ab
1108 1877 1241 1938 scriptoris
1253 1878 1368 1927 oratione

299 1966 362 2015 mihi
375 1967 485 2028 ridetur,
498 1966 571 2029 cujus
582 1968 670 2018 sensui
682 1969 757 2018 obest
769 1977 796 2018 et
808 1976 905 2019 motum
918 1969 1008 2020 tardat.
1023 1995 1054 2005 -
1067 1968 1131 2034 553.
1144 1969 1294 2031 Legendum
1308 1983 1369 2020 esse

300 2068 396 2106 censeo
408 2068 455 2105 seu
470 2070 476 2103 :
497 2076 507 2097 ι
520 2055 633 2105 animum
645 2058 768 2120 componit
782 2076 811 2116 u,
829 2070 875 2108 seu
890 2072 896 2105 ε
916 2071 1055 2107 «m-urmnr
1069 2058 1109 2108 vel
1124 2059 1241 2122 pemitnm
1259 2060 1371 2122 compri-

300 2141 348 2191 mit
360 2160 386 2195 s,
405 2156 452 2204 pro
465 2142 533 2206 vulg.
547 2164 557 2185 ι
570 2143 682 2191 animum
695 2143 841 2205 comprimit
855 2164 876 2192 ι.

330 2229 417 2291 xxiii,
431 2231 442 2292 5
454 2231 494 2279 55.
511 2229 634 2280 Desidere
645 2230 781 2281 lectionem
794 2231 882 2294 lemur,
896 2245 942 2293 pro
949 2231 1031 2294 fletus,
1044 2245 1101 2295 quae
1113 2232 1138 2282 in
1152 2232 1280 2283 nonnullis
1292 2233 1370 2283 codd.

299 2320 403 2383 legitur,
420 2321 535 2383 timeto,
555 2321 669 2383 harisio,
688 2320 822 2371 birksenio
834 2322 980 2384 probatam,
998 2335 1012 2371 a
1025 2324 1146 2373 Cicerone
1159 2323 1230 2385 ipso,
1244 2322 1326 2385 Legg.
1339 2322 1369 2371 ll.

302 2408 367 2471 559,
385 2416 558 2459 memoratam.

333 2497 419 2557 xxiv,
431 2498 443 2559 5
454 2498 493 2547 56.
511 2498 599 2548 Nonne
611 2497 764 2561 legendum:
779 2516 791 2543 n
802 2497 886 2558 Quid?
901 2498 945 2562 qui
957 2498 1033 2547 soient
1045 2497 1188 2548 exclamare
1200 2498 1290 2555 maius,
1303 2505 1370 2547 etc.»

303 2599 350 2649 pro
373 2586 480 2635 volunt?
496 2611 528 2623 -
546 2586 607 2636 Voc.
628 2587 727 2650 unpntis
750 2586 938 2636 dubitationem
961 2593 1064 2646 mouet;
1089 2599 1139 2636 nun
1165 2584 1274 2634 alterum
1296 2583 1371 2646 hujus

301 2674 417 2725 tormulae
435 2694 445 2717 ι
459 2675 577 2725 omuibus
590 2675 691 2739 ungulis
705 2694 717 2721 n
734 2675 880 2739 exemplum
893 2676 919 2725 in
932 2676 1064 2726 reieribus
1076 2674 1147 2725 libris
1160 2673 1299 2738 reperitur,
1314 2687 1372 2737 quac

301 2762 344 2813 hic
356 2762 461 2812 minime
472 2771 530 2826 apta
542 2770 592 2822 est,
612 2763 731 2827 quoniam
750 2763 782 2813 de
802 2777 865 2814 voce
882 2764 981 2826 agilum
998 2763 1082 2827 legam
1098 2763 1220 2821 nerontis,
1239 2769 1266 2812 ut
1278 2762 1372 2826 legitur

300 2852 369 2914 apud
381 2852 463 2901 Cicer.
477 2852 525 2914 Ep.
537 2852 568 2902 atl
582 2855 633 2902 lltt.
646 2853 706 2909 xli,
722 2853 751 2902 lii
763 2853 801 2912 G,
813 2866 860 2903 seu
873 2854 963 2902 neruis.

334 2940 409 3002 XXV,
422 2941 434 3003 5
445 2940 487 2991 66.
497 2940 609 2990 Geminae
619 2942 802 2991 elaborationis
814 2942 856 2991 hic
869 2942 977 2991 tortasse
990 2954 1083 2991 norum
1092 2940 1227 3005 vestigium
1240 2940 1372 2990 habemus:

303 3029 383 3091 prius,
396 3029 497 3092 opinor,
510 3030 599 3080 Cicero
611 3031 750 3092 scripserat
763 3046 769 3079 :
789 3052 799 3073 ι
814 3031 876 3090 Quia
889 3030 984 3094 siquis,
998 3044 1075 3093 quum
1088 3037 1184 3079 tantum
1197 3041 1282 3092 operae
1293 3028 1374 3090 philo·

302 3116 400 3179 sophias
412 3117 537 3175 dedisset,
559 3118 673 3168 dolorem
687 3126 770 3168 tamen
790 3118 857 3168 ierre
876 3132 927 3168 non
946 3122 1041 3181 poscet,
1059 3118 1123 3167 satis
1141 3123 1211 3167 esset
1229 3116 1373 3180 argumenti

303 3206 397 3256 malum
414 3219 473 3256 esse
492 3206 623 3269 dolorem3
647 3207 771 3271 plurimos
790 3215 876 3257 autem
894 3219 975 3258 annos
997 3207 1023 3257 iu
1043 3206 1203 3271 philosophia
1227 3204 1374 3267 consumpsi

301 3309 351 3347 nec
362 3296 430 3345 terre
444 3308 567 3364 possum:
585 3296 678 3346 malum
691 3296 770 3360 igitur
783 3303 823 3346 esi
835 3296 917 3347 dolor.
928 3316 941 3341 n
957 3297 1020 3346 Tum
1033 3297 1137 3346 brevius
1154 3295 1308 3346 sententiam
1326 3307 1375 3344 err-

303 3385 411 3448 pressit,
428 3392 455 3435 ct
473 3385 607 3435 eoniitenti
624 3386 776 3449 philosopho
794 3386 897 3437 lenius:
916 3406 927 3431 ι
942 3386 1004 3447 Quia
1016 3386 1054 3447 si,
1072 3399 1190 3450 quum..
1207 3420 1212 3431 .
1229 3384 1409 3453 medicem,

285 3474 366 3528 ,satis
378 3481 447 3524 esset
464 3474 609 3537 argumenti
627 3474 721 3523 malum
741 3488 799 3524 esse
818 3475 971 3526 dolorem».
988 3475 1067 3534 Quam
1085 3473 1254 3536 posteriorem
1267 3472 1374 3522 formam

303 3562 327 3612 si
338 3562 469 3623 admittas,
488 3563 592 3612 omnino
604 3575 789 3625 supervacuum
802 3563 830 3613 th.
841 3563 949 3613 alterum
968 3561 1196 3626 argumentationis
1215 3560 1373 3611 membrum:

307 3649 455 3711 «plurimos
469 3685 540 3701 .....
553 3657 594 3700 est
606 3650 703 3701 dolor.»

336 3737 421 3797 XXVI,
436 3739 448 3799 5
467 3738 507 3788 62.
534 3739 680 3790 Videmurne
698 3739 767 3788 idem
784 3724 854 3787 ualet
872 3748 902 3785 ac
919 3748 1027 3786 «aunon
1051 3734 1168 3784 videmus
1182 3746 1209 3792 »3
1232 3732 1271 3780 sin
1288 3730 1372 3788 aliter,

305 3827 442 3889 legendum
461 3834 501 3877 est
513 3828 600 3885 ulium,
614 3841 659 3889 pro
673 3827 780 3876 nulium.
789 3825 978 3876 —hddendum
989 3824 1023 3882 ti,
1040 3824 1108 3873 inter
1119 3822 1196 3871 uerba
1211 3822 1337 3883 petersnni
1347 3822 1375 3866 et

304 3917 411 3966 trullum.
423 3945 454 3955 -
465 3919 476 3981 5
488 3918 527 3968 63.
546 3918 638 3967 baltius
657 3931 707 3967 non
719 3918 784 3967 vidit
802 3915 990 3978 oppositionem
1002 3925 1077 3977 quam
1089 3913 1157 3961 iuter
1172 3911 1334 3960 honestatem
1346 3915 1372 3958 et

306 4007 451 4056 honestatis
463 4007 610 4069 opinionem
622 4006 737 4057 indicare
749 4004 829 4054 uoluit
844 4010 942 4061 noster,
955 4010 982 4053 et
993 4001 1141 4052 mutandum
1155 4006 1244 4049 censet
1261 4011 1337 4061 pterim
1348 3998 1375 4047 in

306 4108 399 4158 quum·
415 4094 460 4143 sed
473 4094 534 4157 quid
546 4095 641 4145 valebit
652 4094 753 4159 ipsum?
764 4120 795 4129 -
807 4092 822 4159 5
833 4092 873 4143 64.
892 4092 983 4143 Merito
996 4091 1126 4146 Baiterus‚
1144 4093 1202 4150 post
1218 4085 1372 4142 altissimum,

307 4198 364 4235 voc.
377 4185 456 4233 animi
467 4185 580 4235 seclusit.

336 4273 423 4323 xxvii
430 4311 437 4335 ‚
461 4274 528 4336 565.
546 4274 619 4336 Apud
638 4274 761 4337 quosdam
780 4272 884 4322 codices
904 4270 1018 4334 legitur:
1044 4267 1176 4316 «barbari
1195 4266 1307 4331 quidem,
1327 4278 1373 4326 pro

307 4361 423 4425 qnidamr
447 4363 543 4426 quidem
562 4363 700 4426 respondet
720 4361 964 4425 particularitatem
986 4372 1043 4409 voc.
1065 4358 1176 4407 homines
1195 4356 1251 4406 loco
1276 4360 1373 4404 motum
