<?xml version="1.0" encoding="UTF-8"?>
<!DOCTYPE html PUBLIC "-//W3C//DTD XHTML 1.0 Transitional//EN"
    "http://www.w3.org/TR/xhtml1/DTD/xhtml1-transitional.dtd">
<html xmlns="http://www.w3.org/1999/xhtml" xml:lang="en" lang="en">
 <head>
  <title>
</title>
<meta http-equiv="Content-Type" content="text/html;charset=utf-8" />
  <meta name='ocr-system' content='tesseract 3.04.00' />
  <meta name='ocr-capabilities' content='ocr_page ocr_carea ocr_par ocr_line ocrx_word'/>
</head>
<body>
  <div class='ocr_page' id='page_1' title='image "./inciceronislibr00vaucgoog_0081.png"; bbox 0 0 3325 5159; ppageno 0'>
   <div class='ocr_carea' id='block_1_1' title="bbox 411 573 1367 644">
    <p class='ocr_par' dir='ltr' id='par_1_1' title="bbox 411 573 1367 644">
     <span class='ocr_line' id='line_1_1' title="bbox 411 573 1367 644; baseline -0.002 -13"><span class='ocrx_word' id='word_1_1' title='bbox 411 576 646 633; x_wconf 79' lang='lat' dir='ltr'><strong>Tuscanaaaaua</strong></span> <span class='ocrx_word' id='word_1_2' title='bbox 664 588 896 633; x_wconf 78' lang='lat' dir='ltr'><strong>nrsrnranonua</strong></span> <span class='ocrx_word' id='word_1_3' title='bbox 913 574 956 642; x_wconf 87' lang='lat' dir='ltr'><strong>lv,</strong></span> <span class='ocrx_word' id='word_1_4' title='bbox 973 587 1131 644; x_wconf 82' lang='lat' dir='ltr'><strong>xta-xxva,</strong></span> <span class='ocrx_word' id='word_1_5' title='bbox 1146 574 1242 632; x_wconf 67' lang='lat' dir='ltr'><strong>trs-59.</strong></span> <span class='ocrx_word' id='word_1_6' title='bbox 1333 573 1367 630; x_wconf 80' lang='lat'><strong>73</strong></span> 
     </span>
    </p>
   </div>
   <div class='ocr_carea' id='block_1_2' title="bbox 294 710 1376 3517">
    <p class='ocr_par' dir='ltr' id='par_1_2' title="bbox 294 710 1368 939">
     <span class='ocr_line' id='line_1_2' title="bbox 294 710 1367 775; baseline -0.001 -15"><span class='ocrx_word' id='word_1_7' title='bbox 294 712 383 775; x_wconf 83' lang='lat' dir='ltr'><strong>tlagna</strong></span> <span class='ocrx_word' id='word_1_8' title='bbox 397 719 482 761; x_wconf 88' lang='lat' dir='ltr'><strong>lamen</strong></span> <span class='ocrx_word' id='word_1_9' title='bbox 494 711 559 761; x_wconf 83' lang='lat' dir='ltr'><strong>lacta</strong></span> <span class='ocrx_word' id='word_1_10' title='bbox 571 717 641 762; x_wconf 90' lang='lat' dir='ltr'><strong>esset</strong></span> <span class='ocrx_word' id='word_1_11' title='bbox 659 711 784 761; x_wconf 80' lang='lat' dir='ltr'><strong>accessio.</strong></span> <span class='ocrx_word' id='word_1_12' title='bbox 801 731 811 752; x_wconf 84' lang='lat'><strong>·</strong></span> <span class='ocrx_word' id='word_1_13' title='bbox 829 711 928 761; x_wconf 83' lang='lat' dir='ltr'><strong>Eodem</strong></span> <span class='ocrx_word' id='word_1_14' title='bbox 944 722 1021 760; x_wconf 86' lang='lat' dir='ltr'><strong>sensa</strong></span> <span class='ocrx_word' id='word_1_15' title='bbox 1041 711 1104 775; x_wconf 86' lang='lat' dir='ltr'><strong>legit</strong></span> <span class='ocrx_word' id='word_1_16' title='bbox 1122 723 1178 760; x_wconf 88' lang='lat' dir='ltr'><strong>cum</strong></span> <span class='ocrx_word' id='word_1_17' title='bbox 1192 710 1367 761; x_wconf 74' lang='grc'><strong>5334134353-</strong></span> 
     </span>
     <span class='ocr_line' id='line_1_3' title="bbox 296 800 1368 864; baseline -0.002 -15"><span class='ocrx_word' id='word_1_18' title='bbox 296 803 354 852; x_wconf 83' lang='lat' dir='ltr'><strong>lrius</strong></span> <span class='ocrx_word' id='word_1_19' title='bbox 368 817 375 849; x_wconf 77' lang='grc' dir='ltr'><strong>ι</strong></span> <span class='ocrx_word' id='word_1_20' title='bbox 393 819 406 846; x_wconf 76' lang='grc' dir='ltr'>ι</span> <span class='ocrx_word' id='word_1_21' title='bbox 419 802 500 851; x_wconf 85' lang='lat' dir='ltr'><strong>silea</strong></span> <span class='ocrx_word' id='word_1_22' title='bbox 513 801 612 851; x_wconf 88' lang='lat' dir='ltr'><strong>modica</strong></span> <span class='ocrx_word' id='word_1_23' title='bbox 625 819 647 849; x_wconf 74' lang='lat' dir='ltr'><strong>a.</strong></span> <span class='ocrx_word' id='word_1_24' title='bbox 665 800 745 850; x_wconf 75' lang='lat' dir='ltr'><strong>l‘odd.</strong></span> <span class='ocrx_word' id='word_1_25' title='bbox 760 800 855 850; x_wconf 90' lang='lat' dir='ltr'><strong>babent</strong></span> <span class='ocrx_word' id='word_1_26' title='bbox 872 816 878 848; x_wconf 91' lang='lat'>:</span> <span class='ocrx_word' id='word_1_27' title='bbox 900 819 912 843; x_wconf 71' lang='grc' dir='ltr'>α</span> <span class='ocrx_word' id='word_1_28' title='bbox 926 800 975 850; x_wconf 82' lang='lat' dir='ltr'><strong>sed</strong></span> <span class='ocrx_word' id='word_1_29' title='bbox 988 812 1019 849; x_wconf 88' lang='lat' dir='ltr'><strong>ea</strong></span> <span class='ocrx_word' id='word_1_30' title='bbox 1032 800 1130 850; x_wconf 88' lang='lat' dir='ltr'><strong>modica</strong></span> <span class='ocrx_word' id='word_1_31' title='bbox 1145 819 1170 858; x_wconf 74' lang='grc' dir='ltr'><strong>ι,</strong></span> <span class='ocrx_word' id='word_1_32' title='bbox 1188 812 1253 864; x_wconf 91' lang='lat' dir='ltr'><strong>quos</strong></span> <span class='ocrx_word' id='word_1_33' title='bbox 1264 807 1368 851; x_wconf 85' lang='lat' dir='ltr'><strong>sccatns</strong></span> 
     </span>
     <span class='ocr_line' id='line_1_4' title="bbox 294 889 475 939; baseline -0.006 -1"><span class='ocrx_word' id='word_1_34' title='bbox 294 895 337 939; x_wconf 88' lang='lat' dir='ltr'><strong>cst</strong></span> <span class='ocrx_word' id='word_1_35' title='bbox 350 889 475 939; x_wconf 86' lang='lat' dir='ltr'><strong>Baiterus.</strong></span> 
     </span>
    </p>

    <p class='ocr_par' dir='ltr' id='par_1_3' title="bbox 295 976 1370 1469">
     <span class='ocr_line' id='line_1_5' title="bbox 325 976 1368 1040; baseline 0.001 -13"><span class='ocrx_word' id='word_1_36' title='bbox 325 978 392 1037; x_wconf 79' lang='lat' dir='ltr'><strong>xlx,</strong></span> <span class='ocrx_word' id='word_1_37' title='bbox 409 976 474 1040; x_wconf 71' lang='grc'><strong>543.</strong></span> <span class='ocrx_word' id='word_1_38' title='bbox 491 977 587 1040; x_wconf 88' lang='lat' dir='ltr'><strong>Legam</strong></span> <span class='ocrx_word' id='word_1_39' title='bbox 598 990 656 1027; x_wconf 88' lang='lat' dir='ltr'><strong>cum</strong></span> <span class='ocrx_word' id='word_1_40' title='bbox 666 978 752 1040; x_wconf 78' lang='lat' dir='ltr'><strong>Ballio,</strong></span> <span class='ocrx_word' id='word_1_41' title='bbox 766 984 794 1027; x_wconf 91' lang='lat' dir='ltr'><strong>ut</strong></span> <span class='ocrx_word' id='word_1_42' title='bbox 806 978 908 1028; x_wconf 80' lang='lat' dir='ltr'><strong>volebat</strong></span> <span class='ocrx_word' id='word_1_43' title='bbox 921 978 1066 1027; x_wconf 75' lang='lat' dir='ltr'><strong>Bentleiusa</strong></span> <span class='ocrx_word' id='word_1_44' title='bbox 1080 995 1094 1021; x_wconf 79' lang='lat' dir='ltr'><strong>a</strong></span> <span class='ocrx_word' id='word_1_45' title='bbox 1106 977 1158 1027; x_wconf 87' lang='lat' dir='ltr'><strong>baec</strong></span> <span class='ocrx_word' id='word_1_46' title='bbox 1168 976 1260 1028; x_wconf 87' lang='lat' dir='ltr'><strong>nullam</strong></span> <span class='ocrx_word' id='word_1_47' title='bbox 1272 978 1368 1028; x_wconf 89' lang='lat' dir='ltr'><strong>babere</strong></span> 
     </span>
     <span class='ocr_line' id='line_1_6' title="bbox 299 1064 1370 1128; baseline 0.001 -14"><span class='ocrx_word' id='word_1_48' title='bbox 299 1064 350 1115; x_wconf 85' lang='lat' dir='ltr'><strong>rim</strong></span> <span class='ocrx_word' id='word_1_49' title='bbox 370 1065 420 1115; x_wconf 88' lang='lat' dir='ltr'><strong>nisi</strong></span> <span class='ocrx_word' id='word_1_50' title='bbox 439 1064 475 1114; x_wconf 90' lang='lat' dir='ltr'><strong>ira</strong></span> <span class='ocrx_word' id='word_1_51' title='bbox 496 1065 663 1115; x_wconf 83' lang='lat' dir='ltr'><strong>excanduerit</strong></span> <span class='ocrx_word' id='word_1_52' title='bbox 682 1064 804 1116; x_wconf 88' lang='lat' dir='ltr'><strong>iortilado</strong></span> <span class='ocrx_word' id='word_1_53' title='bbox 820 1080 847 1125; x_wconf 84' lang='lat'><strong>·;</strong></span> <span class='ocrx_word' id='word_1_54' title='bbox 865 1066 961 1116; x_wconf 85' lang='lat' dir='ltr'><strong>etenim</strong></span> <span class='ocrx_word' id='word_1_55' title='bbox 981 1066 1022 1116; x_wconf 90' lang='lat' dir='ltr'><strong>iric</strong></span> <span class='ocrx_word' id='word_1_56' title='bbox 1042 1066 1205 1116; x_wconf 89' lang='lat' dir='ltr'><strong>continuatur</strong></span> <span class='ocrx_word' id='word_1_57' title='bbox 1215 1065 1370 1128; x_wconf 84' lang='lat' dir='ltr'><strong>Peripateti-</strong></span> 
     </span>
     <span class='ocr_line' id='line_1_7' title="bbox 295 1152 1368 1218; baseline 0.004 -17"><span class='ocrx_word' id='word_1_58' title='bbox 295 1165 386 1203; x_wconf 88' lang='lat' dir='ltr'><strong>corum</strong></span> <span class='ocrx_word' id='word_1_59' title='bbox 400 1152 598 1216; x_wconf 71' lang='lat' dir='ltr'><strong>argumentatio.</strong></span> <span class='ocrx_word' id='word_1_60' title='bbox 610 1179 642 1189; x_wconf 84' lang='lat'>-</span> <span class='ocrx_word' id='word_1_61' title='bbox 654 1153 737 1202; x_wconf 86' lang='lat' dir='ltr'><strong>ilalinr</strong></span> <span class='ocrx_word' id='word_1_62' title='bbox 755 1173 767 1197; x_wconf 78' lang='lat' dir='ltr'><strong>a</strong></span> <span class='ocrx_word' id='word_1_63' title='bbox 781 1160 908 1204; x_wconf 80' lang='lat' dir='ltr'><strong>oratorem</strong></span> <span class='ocrx_word' id='word_1_64' title='bbox 922 1154 1007 1203; x_wconf 61' lang='lat' dir='ltr'><strong>dende</strong></span> <span class='ocrx_word' id='word_1_65' title='bbox 1021 1172 1050 1214; x_wconf 81' lang='lat' dir='ltr'><strong>r,</strong></span> <span class='ocrx_word' id='word_1_66' title='bbox 1068 1153 1188 1218; x_wconf 89' lang='lat' dir='ltr'><strong>quoniam</strong></span> <span class='ocrx_word' id='word_1_67' title='bbox 1208 1152 1272 1203; x_wconf 87' lang='lat' dir='ltr'><strong>inira</strong></span> <span class='ocrx_word' id='word_1_68' title='bbox 1289 1154 1368 1205; x_wconf 85' lang='lat' dir='ltr'><strong>babe-</strong></span> 
     </span>
     <span class='ocr_line' id='line_1_8' title="bbox 295 1240 1368 1306; baseline 0.002 -16"><span class='ocrx_word' id='word_1_69' title='bbox 295 1253 353 1291; x_wconf 87' lang='lat' dir='ltr'><strong>mus</strong></span> <span class='ocrx_word' id='word_1_70' title='bbox 370 1261 381 1283; x_wconf 84' lang='lat'>«</span> <span class='ocrx_word' id='word_1_71' title='bbox 396 1240 477 1290; x_wconf 84' lang='lat' dir='ltr'><strong>virum</strong></span> <span class='ocrx_word' id='word_1_72' title='bbox 495 1240 598 1305; x_wconf 69' lang='lat' dir='ltr'><strong>danicae</strong></span> <span class='ocrx_word' id='word_1_73' title='bbox 613 1261 634 1289; x_wconf 80' lang='grc' dir='ltr'><strong>ι.</strong></span> <span class='ocrx_word' id='word_1_74' title='bbox 649 1266 679 1277; x_wconf 92' lang='grc'>-</span> <span class='ocrx_word' id='word_1_75' title='bbox 696 1242 709 1304; x_wconf 68' lang='lat'><strong>5</strong></span> <span class='ocrx_word' id='word_1_76' title='bbox 727 1242 765 1291; x_wconf 84' lang='grc'><strong>44.</strong></span> <span class='ocrx_word' id='word_1_77' title='bbox 787 1242 928 1292; x_wconf 83' lang='lat' dir='ltr'><strong>blembrum</strong></span> <span class='ocrx_word' id='word_1_78' title='bbox 951 1242 1042 1306; x_wconf 81' lang='lat' dir='ltr'><strong>«qaod</strong></span> <span class='ocrx_word' id='word_1_79' title='bbox 1065 1254 1182 1292; x_wconf 84' lang='lat' dir='ltr'><strong>somnum</strong></span> <span class='ocrx_word' id='word_1_80' title='bbox 1206 1255 1298 1306; x_wconf 88' lang='lat' dir='ltr'><strong>capere</strong></span> <span class='ocrx_word' id='word_1_81' title='bbox 1317 1256 1368 1294; x_wconf 88' lang='lat' dir='ltr'><strong>non</strong></span> 
     </span>
     <span class='ocr_line' id='line_1_9' title="bbox 296 1329 1368 1393; baseline 0.003 -14"><span class='ocrx_word' id='word_1_82' title='bbox 296 1336 427 1391; x_wconf 82' lang='lat' dir='ltr'><strong>posset»,</strong></span> <span class='ocrx_word' id='word_1_83' title='bbox 452 1336 511 1391; x_wconf 89' lang='lat' dir='ltr'><strong>post</strong></span> <span class='ocrx_word' id='word_1_84' title='bbox 529 1329 690 1393; x_wconf 78' lang='lat' dir='ltr'><strong>respondebat</strong></span> <span class='ocrx_word' id='word_1_85' title='bbox 711 1330 918 1381; x_wconf 73' lang='lat' dir='ltr'><strong>transferendum</strong></span> <span class='ocrx_word' id='word_1_86' title='bbox 938 1343 996 1381; x_wconf 91' lang='lat' dir='ltr'><strong>esse</strong></span> <span class='ocrx_word' id='word_1_87' title='bbox 1015 1331 1138 1381; x_wconf 86' lang='lat' dir='ltr'><strong>censebat</strong></span> <span class='ocrx_word' id='word_1_88' title='bbox 1159 1331 1320 1393; x_wconf 82' lang='lat' dir='ltr'><strong>boederlein3</strong></span> <span class='ocrx_word' id='word_1_89' title='bbox 1344 1333 1368 1382; x_wconf 91' lang='lat' dir='ltr'><strong>id</strong></span> 
     </span>
     <span class='ocr_line' id='line_1_10' title="bbox 297 1417 646 1469; baseline 0 -3"><span class='ocrx_word' id='word_1_90' title='bbox 297 1417 414 1467; x_wconf 80' lang='lat' dir='ltr'><strong>balterus</strong></span> <span class='ocrx_word' id='word_1_91' title='bbox 425 1418 518 1469; x_wconf 88' lang='lat' dir='ltr'><strong>merito</strong></span> <span class='ocrx_word' id='word_1_92' title='bbox 530 1417 646 1468; x_wconf 77' lang='lat' dir='ltr'><strong>seclusit.</strong></span> 
     </span>
    </p>

    <p class='ocr_par' dir='ltr' id='par_1_4' title="bbox 296 1503 1371 1817">
     <span class='ocr_line' id='line_1_11' title="bbox 327 1503 1369 1569; baseline 0.006 -17"><span class='ocrx_word' id='word_1_93' title='bbox 327 1503 384 1563; x_wconf 82' lang='lat' dir='ltr'><strong>xx,</strong></span> <span class='ocrx_word' id='word_1_94' title='bbox 401 1505 466 1567; x_wconf 70' lang='lat' dir='ltr'><strong>lto.</strong></span> <span class='ocrx_word' id='word_1_95' title='bbox 483 1505 537 1555; x_wconf 83' lang='lat' dir='ltr'><strong>Non</strong></span> <span class='ocrx_word' id='word_1_96' title='bbox 556 1505 619 1555; x_wconf 88' lang='lat' dir='ltr'><strong>satis</strong></span> <span class='ocrx_word' id='word_1_97' title='bbox 639 1506 802 1569; x_wconf 86' lang='lat' dir='ltr'><strong>perspicuum</strong></span> <span class='ocrx_word' id='word_1_98' title='bbox 822 1518 929 1556; x_wconf 90' lang='lat' dir='ltr'><strong>sensum</strong></span> <span class='ocrx_word' id='word_1_99' title='bbox 948 1504 1060 1557; x_wconf 80' lang='lat' dir='ltr'><strong>oderunt</strong></span> <span class='ocrx_word' id='word_1_100' title='bbox 1077 1506 1155 1557; x_wconf 84' lang='lat' dir='ltr'><strong>rerba</strong></span> <span class='ocrx_word' id='word_1_101' title='bbox 1173 1521 1213 1558; x_wconf 75' lang='lat' dir='ltr'><strong>«e</strong></span> <span class='ocrx_word' id='word_1_102' title='bbox 1233 1508 1283 1558; x_wconf 85' lang='lat' dir='ltr'><strong>vila</strong></span> <span class='ocrx_word' id='word_1_103' title='bbox 1298 1528 1327 1568; x_wconf 79' lang='lat' dir='ltr'><strong>r,</strong></span> <span class='ocrx_word' id='word_1_104' title='bbox 1343 1509 1369 1558; x_wconf 92' lang='lat' dir='ltr'><strong>in</strong></span> 
     </span>
     <span class='ocr_line' id='line_1_12' title="bbox 296 1592 1370 1658; baseline 0.003 -16"><span class='ocrx_word' id='word_1_105' title='bbox 296 1592 391 1657; x_wconf 89' lang='lat' dir='ltr'><strong>quibas</strong></span> <span class='ocrx_word' id='word_1_106' title='bbox 402 1593 478 1655; x_wconf 87' lang='lat' dir='ltr'><strong>latet,</strong></span> <span class='ocrx_word' id='word_1_107' title='bbox 499 1595 525 1642; x_wconf 90' lang='lat' dir='ltr'><strong>ni</strong></span> <span class='ocrx_word' id='word_1_108' title='bbox 536 1592 619 1651; x_wconf 87' lang='lat' dir='ltr'><strong>iallor,</strong></span> <span class='ocrx_word' id='word_1_109' title='bbox 638 1594 798 1657; x_wconf 81' lang='lat' dir='ltr'><strong>participium</strong></span> <span class='ocrx_word' id='word_1_110' title='bbox 819 1595 938 1653; x_wconf 84' lang='lat' dir='ltr'><strong>citatam,</strong></span> <span class='ocrx_word' id='word_1_111' title='bbox 955 1594 1030 1658; x_wconf 75' lang='lat' dir='ltr'><strong>carius</strong></span> <span class='ocrx_word' id='word_1_112' title='bbox 1040 1593 1169 1658; x_wconf 85' lang='lat' dir='ltr'><strong>glossema</strong></span> <span class='ocrx_word' id='word_1_113' title='bbox 1187 1593 1272 1645; x_wconf 89' lang='lat' dir='ltr'><strong>locum</strong></span> <span class='ocrx_word' id='word_1_114' title='bbox 1291 1609 1370 1646; x_wconf 89' lang='lat' dir='ltr'><strong>occu-</strong></span> 
     </span>
     <span class='ocr_line' id='line_1_13' title="bbox 298 1680 1371 1744; baseline 0.004 -16"><span class='ocrx_word' id='word_1_115' title='bbox 298 1680 377 1742; x_wconf 84' lang='lat' dir='ltr'><strong>parit.</strong></span> <span class='ocrx_word' id='word_1_116' title='bbox 400 1680 540 1731; x_wconf 81' lang='lat' dir='ltr'><strong>Lambinus</strong></span> <span class='ocrx_word' id='word_1_117' title='bbox 558 1680 649 1731; x_wconf 71' lang='lat' dir='ltr'><strong>dictato</strong></span> <span class='ocrx_word' id='word_1_118' title='bbox 668 1694 714 1744; x_wconf 89' lang='lat' dir='ltr'><strong>pro</strong></span> <span class='ocrx_word' id='word_1_119' title='bbox 733 1680 833 1731; x_wconf 84' lang='lat' dir='ltr'><strong>ductam</strong></span> <span class='ocrx_word' id='word_1_120' title='bbox 852 1680 928 1744; x_wconf 88' lang='lat' dir='ltr'><strong>legit,</strong></span> <span class='ocrx_word' id='word_1_121' title='bbox 949 1688 992 1742; x_wconf 76' lang='lat' dir='ltr'><strong>et,</strong></span> <span class='ocrx_word' id='word_1_122' title='bbox 1011 1693 1059 1743; x_wconf 91' lang='lat' dir='ltr'><strong>pro</strong></span> <span class='ocrx_word' id='word_1_123' title='bbox 1079 1681 1183 1730; x_wconf 71' lang='lat' dir='ltr'><strong>uerita</strong></span> <span class='ocrx_word' id='word_1_124' title='bbox 1199 1702 1225 1738; x_wconf 85' lang='lat'><strong>·‚</strong></span> <span class='ocrx_word' id='word_1_125' title='bbox 1248 1682 1371 1744; x_wconf 84' lang='lat' dir='ltr'><strong>conjicie-</strong></span> 
     </span>
     <span class='ocr_line' id='line_1_14' title="bbox 299 1767 425 1817; baseline 0 -2"><span class='ocrx_word' id='word_1_126' title='bbox 299 1767 425 1817; x_wconf 80' lang='lat' dir='ltr'><strong>battcite.</strong></span> 
     </span>
    </p>

    <p class='ocr_par' dir='ltr' id='par_1_5' title="bbox 297 1854 1370 2007">
     <span class='ocr_line' id='line_1_15' title="bbox 329 1854 1370 1921; baseline 0.003 -18"><span class='ocrx_word' id='word_1_127' title='bbox 329 1854 400 1912; x_wconf 78' lang='lat' dir='ltr'><strong>xiil,</strong></span> <span class='ocrx_word' id='word_1_128' title='bbox 412 1856 425 1917; x_wconf 68' lang='grc'><strong>4</strong></span> <span class='ocrx_word' id='word_1_129' title='bbox 436 1856 477 1905; x_wconf 87' lang='grc'><strong>48.</strong></span> <span class='ocrx_word' id='word_1_130' title='bbox 496 1855 619 1907; x_wconf 79' lang='lat' dir='ltr'><strong>Lucilium</strong></span> <span class='ocrx_word' id='word_1_131' title='bbox 631 1857 767 1920; x_wconf 80' lang='lat' dir='ltr'><strong>scripsisse</strong></span> <span class='ocrx_word' id='word_1_132' title='bbox 779 1859 898 1921; x_wconf 88' lang='lat' dir='ltr'><strong>suspicor</strong></span> <span class='ocrx_word' id='word_1_133' title='bbox 909 1872 954 1909; x_wconf 91' lang='lat' dir='ltr'><strong>sen</strong></span> <span class='ocrx_word' id='word_1_134' title='bbox 966 1858 1041 1916; x_wconf 83' lang='lat' dir='ltr'><strong>cordi,</strong></span> <span class='ocrx_word' id='word_1_135' title='bbox 1053 1871 1099 1908; x_wconf 88' lang='lat' dir='ltr'><strong>seu</strong></span> <span class='ocrx_word' id='word_1_136' title='bbox 1112 1859 1204 1915; x_wconf 68' lang='lat' dir='ltr'><strong>corda,</strong></span> <span class='ocrx_word' id='word_1_137' title='bbox 1219 1858 1286 1909; x_wconf 88' lang='lat' dir='ltr'><strong>inter</strong></span> <span class='ocrx_word' id='word_1_138' title='bbox 1299 1872 1370 1909; x_wconf 83' lang='lat' dir='ltr'><strong>rocc.</strong></span> 
     </span>
     <span class='ocr_line' id='line_1_16' title="bbox 297 1944 747 2007; baseline 0.009 -17"><span class='ocrx_word' id='word_1_139' title='bbox 297 1944 425 1993; x_wconf 78' lang='lat' dir='ltr'><strong>stomoclrc</strong></span> <span class='ocrx_word' id='word_1_140' title='bbox 441 1952 468 1993; x_wconf 90' lang='lat' dir='ltr'><strong>et</strong></span> <span class='ocrx_word' id='word_1_141' title='bbox 481 1964 491 1987; x_wconf 85' lang='lat'><strong>‹</strong></span> <span class='ocrx_word' id='word_1_142' title='bbox 505 1957 535 1995; x_wconf 87' lang='lat' dir='ltr'><strong>ac</strong></span> <span class='ocrx_word' id='word_1_143' title='bbox 548 1945 712 2007; x_wconf 90' lang='lat' dir='ltr'><strong>pulmonibus</strong></span> <span class='ocrx_word' id='word_1_144' title='bbox 726 1967 747 1994; x_wconf 83' lang='lat'><strong>».</strong></span> 
     </span>
    </p>

    <p class='ocr_par' dir='ltr' id='par_1_6' title="bbox 330 2030 1354 2100">
     <span class='ocr_line' id='line_1_17' title="bbox 330 2030 1354 2100; baseline 0.003 -21"><span class='ocrx_word' id='word_1_145' title='bbox 330 2030 415 2093; x_wconf 82' lang='lat' dir='ltr'><strong>xxti,</strong></span> <span class='ocrx_word' id='word_1_146' title='bbox 432 2032 445 2094; x_wconf 68' lang='lat'>5</span> <span class='ocrx_word' id='word_1_147' title='bbox 457 2032 498 2083; x_wconf 89' lang='grc'><strong>49.</strong></span> <span class='ocrx_word' id='word_1_148' title='bbox 515 2032 609 2096; x_wconf 88' lang='lat' dir='ltr'><strong>Legam</strong></span> <span class='ocrx_word' id='word_1_149' title='bbox 622 2046 680 2084; x_wconf 90' lang='lat' dir='ltr'><strong>cum</strong></span> <span class='ocrx_word' id='word_1_150' title='bbox 694 2035 790 2084; x_wconf 79' lang='lat' dir='ltr'><strong>Balaio:</strong></span> <span class='ocrx_word' id='word_1_151' title='bbox 811 2055 820 2077; x_wconf 81' lang='grc' dir='ltr'>ι</span> <span class='ocrx_word' id='word_1_152' title='bbox 836 2048 913 2099; x_wconf 89' lang='lat' dir='ltr'><strong>quum</strong></span> <span class='ocrx_word' id='word_1_153' title='bbox 926 2037 1118 2100; x_wconf 80' lang='lat' dir='ltr'><strong>depugnaturus</strong></span> <span class='ocrx_word' id='word_1_154' title='bbox 1130 2040 1166 2086; x_wconf 83' lang='lat' dir='ltr'><strong>est</strong></span> <span class='ocrx_word' id='word_1_155' title='bbox 1182 2057 1207 2093; x_wconf 72' lang='grc' dir='ltr'><strong>ι,</strong></span> <span class='ocrx_word' id='word_1_156' title='bbox 1225 2049 1271 2099; x_wconf 91' lang='lat' dir='ltr'><strong>pro</strong></span> <span class='ocrx_word' id='word_1_157' title='bbox 1282 2040 1354 2085; x_wconf 82' lang='lat' dir='ltr'><strong>esset.</strong></span> 
     </span>
    </p>

    <p class='ocr_par' dir='ltr' id='par_1_7' title="bbox 300 2120 1373 2272">
     <span class='ocr_line' id='line_1_18' title="bbox 336 2120 1373 2189; baseline 0.004 -20"><span class='ocrx_word' id='word_1_158' title='bbox 336 2120 427 2179; x_wconf 81' lang='lat' dir='ltr'><strong>xxtll,</strong></span> <span class='ocrx_word' id='word_1_159' title='bbox 442 2121 504 2183; x_wconf 72' lang='grc'><strong>554.</strong></span> <span class='ocrx_word' id='word_1_160' title='bbox 521 2120 641 2171; x_wconf 86' lang='lat' dir='ltr'><strong>Omitlam</strong></span> <span class='ocrx_word' id='word_1_161' title='bbox 653 2127 726 2185; x_wconf 81' lang='lat' dir='ltr'><strong>eant,</strong></span> <span class='ocrx_word' id='word_1_162' title='bbox 745 2132 803 2186; x_wconf 88' lang='lat' dir='ltr'><strong>post</strong></span> <span class='ocrx_word' id='word_1_163' title='bbox 821 2146 831 2169; x_wconf 74' lang='grc' dir='ltr'>ι</span> <span class='ocrx_word' id='word_1_164' title='bbox 847 2137 888 2174; x_wconf 93' lang='lat' dir='ltr'><strong>res</strong></span> <span class='ocrx_word' id='word_1_165' title='bbox 902 2125 1017 2175; x_wconf 86' lang='lat' dir='ltr'><strong>bumanae</strong></span> <span class='ocrx_word' id='word_1_166' title='bbox 1030 2143 1059 2187; x_wconf 74' lang='lat' dir='ltr'><strong>a,</strong></span> <span class='ocrx_word' id='word_1_167' title='bbox 1080 2126 1147 2189; x_wconf 89' lang='lat' dir='ltr'><strong>qnod</strong></span> <span class='ocrx_word' id='word_1_168' title='bbox 1163 2124 1267 2175; x_wconf 89' lang='lat' dir='ltr'><strong>verbnm</strong></span> <span class='ocrx_word' id='word_1_169' title='bbox 1279 2126 1373 2187; x_wconf 81' lang='lat' dir='ltr'><strong>saepius</strong></span> 
     </span>
     <span class='ocr_line' id='line_1_19' title="bbox 300 2208 664 2272; baseline 0.011 -17"><span class='ocrx_word' id='word_1_170' title='bbox 300 2208 455 2272; x_wconf 80' lang='lat' dir='ltr'><strong>intelligitur</strong></span> <span class='ocrx_word' id='word_1_171' title='bbox 465 2210 492 2258; x_wconf 92' lang='lat' dir='ltr'><strong>iu</strong></span> <span class='ocrx_word' id='word_1_172' title='bbox 504 2209 582 2260; x_wconf 89' lang='lat' dir='ltr'><strong>simili</strong></span> <span class='ocrx_word' id='word_1_173' title='bbox 593 2222 664 2260; x_wconf 87' lang='lat' dir='ltr'><strong>casu.</strong></span> 
     </span>
    </p>

    <p class='ocr_par' dir='ltr' id='par_1_8' title="bbox 299 2297 1372 2439">
     <span class='ocr_line' id='line_1_20' title="bbox 334 2297 1372 2367; baseline 0.007 -21"><span class='ocrx_word' id='word_1_174' title='bbox 334 2297 420 2360; x_wconf 82' lang='lat' dir='ltr'><strong>xxiv,</strong></span> <span class='ocrx_word' id='word_1_175' title='bbox 438 2299 506 2361; x_wconf 75' lang='grc'><strong>554.</strong></span> <span class='ocrx_word' id='word_1_176' title='bbox 535 2299 658 2362; x_wconf 82' lang='lat' dir='ltr'><strong>Displicet</strong></span> <span class='ocrx_word' id='word_1_177' title='bbox 678 2300 756 2350; x_wconf 80' lang='lat' dir='ltr'><strong>Balio</strong></span> <span class='ocrx_word' id='word_1_178' title='bbox 775 2301 829 2352; x_wconf 78' lang='lat' dir='ltr'><strong>baec</strong></span> <span class='ocrx_word' id='word_1_179' title='bbox 848 2302 1036 2365; x_wconf 89' lang='lat' dir='ltr'><strong>interrogatio:</strong></span> <span class='ocrx_word' id='word_1_180' title='bbox 1063 2316 1120 2353; x_wconf 83' lang='lat' dir='ltr'><strong>«an</strong></span> <span class='ocrx_word' id='word_1_181' title='bbox 1140 2310 1192 2353; x_wconf 90' lang='lat' dir='ltr'><strong>tam</strong></span> <span class='ocrx_word' id='word_1_182' title='bbox 1210 2315 1312 2367; x_wconf 84' lang='lat' dir='ltr'><strong>qaoque</strong></span> <span class='ocrx_word' id='word_1_183' title='bbox 1332 2311 1372 2353; x_wconf 88' lang='lat' dir='ltr'><strong>est</strong></span> 
     </span>
     <span class='ocr_line' id='line_1_21' title="bbox 299 2386 611 2439; baseline 0.003 -3"><span class='ocrx_word' id='word_1_184' title='bbox 299 2386 392 2438; x_wconf 84' lang='lat' dir='ltr'><strong>nlilisl</strong></span> <span class='ocrx_word' id='word_1_185' title='bbox 405 2408 416 2429; x_wconf 76' lang='grc' dir='ltr'>ι</span> <span class='ocrx_word' id='word_1_186' title='bbox 436 2387 506 2438; x_wconf 88' lang='lat' dir='ltr'><strong>idem</strong></span> <span class='ocrx_word' id='word_1_187' title='bbox 517 2388 611 2439; x_wconf 89' lang='lat' dir='ltr'><strong>sentio.</strong></span> 
     </span>
    </p>

    <p class='ocr_par' dir='ltr' id='par_1_9' title="bbox 301 2477 1372 2617">
     <span class='ocr_line' id='line_1_22' title="bbox 333 2477 1372 2543; baseline 0.002 -16"><span class='ocrx_word' id='word_1_188' title='bbox 333 2477 409 2535; x_wconf 78' lang='lat' dir='ltr'>XXV.</span> <span class='ocrx_word' id='word_1_189' title='bbox 422 2478 485 2540; x_wconf 70' lang='grc'><strong>455.</strong></span> <span class='ocrx_word' id='word_1_190' title='bbox 503 2478 622 2528; x_wconf 82' lang='lat' dir='ltr'><strong>Fortasse</strong></span> <span class='ocrx_word' id='word_1_191' title='bbox 633 2479 736 2528; x_wconf 84' lang='lat' dir='ltr'><strong>evanuit</strong></span> <span class='ocrx_word' id='word_1_192' title='bbox 749 2492 823 2542; x_wconf 89' lang='lat' dir='ltr'><strong>pron.</strong></span> <span class='ocrx_word' id='word_1_193' title='bbox 836 2494 908 2537; x_wconf 85' lang='lat' dir='ltr'><strong>eam,</strong></span> <span class='ocrx_word' id='word_1_194' title='bbox 928 2487 985 2543; x_wconf 65' lang='lat' dir='ltr'><strong>&#39;rost</strong></span> <span class='ocrx_word' id='word_1_195' title='bbox 1003 2500 1013 2522; x_wconf 71' lang='grc' dir='ltr'><strong><em>α</em></strong></span> <span class='ocrx_word' id='word_1_196' title='bbox 1028 2480 1089 2529; x_wconf 88' lang='lat' dir='ltr'><strong>utile</strong></span> <span class='ocrx_word' id='word_1_197' title='bbox 1101 2487 1142 2530; x_wconf 86' lang='lat' dir='ltr'><strong>est</strong></span> <span class='ocrx_word' id='word_1_198' title='bbox 1153 2480 1223 2531; x_wconf 84' lang='lat' dir='ltr'><strong>enim</strong></span> <span class='ocrx_word' id='word_1_199' title='bbox 1237 2500 1264 2541; x_wconf 77' lang='lat' dir='ltr'><strong>r,</strong></span> <span class='ocrx_word' id='word_1_200' title='bbox 1284 2492 1329 2530; x_wconf 88' lang='lat' dir='ltr'><strong>seu</strong></span> <span class='ocrx_word' id='word_1_201' title='bbox 1346 2482 1372 2529; x_wconf 89' lang='lat' dir='ltr'><strong>in</strong></span> 
     </span>
     <span class='ocr_line' id='line_1_23' title="bbox 301 2568 567 2617; baseline -0.004 -2"><span class='ocrx_word' id='word_1_202' title='bbox 301 2568 370 2615; x_wconf 82' lang='lat' dir='ltr'><strong>enim</strong></span> <span class='ocrx_word' id='word_1_203' title='bbox 381 2572 507 2617; x_wconf 87' lang='lat' dir='ltr'><strong>mutatum</strong></span> <span class='ocrx_word' id='word_1_204' title='bbox 518 2575 567 2617; x_wconf 91' lang='lat' dir='ltr'><strong>est.</strong></span> 
     </span>
    </p>

    <p class='ocr_par' dir='ltr' id='par_1_10' title="bbox 298 2655 1376 3517">
     <span class='ocr_line' id='line_1_24' title="bbox 334 2655 1373 2719; baseline 0.002 -15"><span class='ocrx_word' id='word_1_205' title='bbox 334 2656 424 2715; x_wconf 85' lang='lat' dir='ltr'><strong>xxvi,</strong></span> <span class='ocrx_word' id='word_1_206' title='bbox 441 2656 509 2718; x_wconf 64' lang='lat'><strong>556.</strong></span> <span class='ocrx_word' id='word_1_207' title='bbox 534 2655 682 2719; x_wconf 85' lang='lat' dir='ltr'><strong>Legendnm</strong></span> <span class='ocrx_word' id='word_1_208' title='bbox 701 2669 760 2707; x_wconf 89' lang='lat' dir='ltr'><strong>esse</strong></span> <span class='ocrx_word' id='word_1_209' title='bbox 778 2664 869 2708; x_wconf 87' lang='lat' dir='ltr'><strong>censet</strong></span> <span class='ocrx_word' id='word_1_210' title='bbox 888 2658 999 2708; x_wconf 82' lang='lat' dir='ltr'><strong>Baiias:</strong></span> <span class='ocrx_word' id='word_1_211' title='bbox 1019 2658 1161 2708; x_wconf 77' lang='lat' dir='ltr'><strong>-altamea</strong></span> <span class='ocrx_word' id='word_1_212' title='bbox 1179 2655 1291 2706; x_wconf 73' lang='lat' dir='ltr'><strong>amariori</strong></span> <span class='ocrx_word' id='word_1_213' title='bbox 1310 2656 1373 2706; x_wconf 88' lang='lat' dir='ltr'><strong>utile</strong></span> 
     </span>
     <span class='ocr_line' id='line_1_25' title="bbox 298 2743 1374 2806; baseline 0 -13"><span class='ocrx_word' id='word_1_214' title='bbox 298 2751 340 2794; x_wconf 92' lang='lat' dir='ltr'><strong>est</strong></span> <span class='ocrx_word' id='word_1_215' title='bbox 354 2757 383 2804; x_wconf 86' lang='lat'><strong>·;</strong></span> <span class='ocrx_word' id='word_1_216' title='bbox 400 2743 521 2806; x_wconf 86' lang='lat' dir='ltr'><strong>equidem</strong></span> <span class='ocrx_word' id='word_1_217' title='bbox 539 2743 645 2792; x_wconf 88' lang='lat' dir='ltr'><strong>malim:</strong></span> <span class='ocrx_word' id='word_1_218' title='bbox 663 2761 674 2786; x_wconf 81' lang='lat' dir='ltr'><strong>a</strong></span> <span class='ocrx_word' id='word_1_219' title='bbox 691 2745 729 2794; x_wconf 79' lang='lat' dir='ltr'><strong>Aa</strong></span> <span class='ocrx_word' id='word_1_220' title='bbox 750 2744 827 2794; x_wconf 87' lang='lat' dir='ltr'><strong>eliam</strong></span> <span class='ocrx_word' id='word_1_221' title='bbox 846 2745 958 2795; x_wconf 88' lang='lat' dir='ltr'><strong>aemulari</strong></span> <span class='ocrx_word' id='word_1_222' title='bbox 977 2746 1041 2795; x_wconf 89' lang='lat' dir='ltr'><strong>utile</strong></span> <span class='ocrx_word' id='word_1_223' title='bbox 1058 2752 1107 2803; x_wconf 85' lang='lat' dir='ltr'><strong>est,</strong></span> <span class='ocrx_word' id='word_1_224' title='bbox 1120 2745 1280 2802; x_wconf 87' lang='lat' dir='ltr'><strong>obtrectare,</strong></span> <span class='ocrx_word' id='word_1_225' title='bbox 1293 2744 1374 2793; x_wconf 91' lang='lat' dir='ltr'><strong>mise-</strong></span> 
     </span>
     <span class='ocr_line' id='line_1_26' title="bbox 298 2832 1375 2899; baseline 0 -17"><span class='ocrx_word' id='word_1_226' title='bbox 298 2832 375 2882; x_wconf 82' lang='lat' dir='ltr'><strong>reri?</strong></span> <span class='ocrx_word' id='word_1_227' title='bbox 388 2854 398 2875; x_wconf 77' lang='grc' dir='ltr'><strong><em>ι</em></strong></span> <span class='ocrx_word' id='word_1_228' title='bbox 416 2832 458 2882; x_wconf 89' lang='lat' dir='ltr'><strong>Sic</strong></span> <span class='ocrx_word' id='word_1_229' title='bbox 470 2832 634 2883; x_wconf 84' lang='lat' dir='ltr'><strong>continuatur</strong></span> <span class='ocrx_word' id='word_1_230' title='bbox 644 2835 842 2897; x_wconf 79' lang='lat' dir='ltr'><strong>argumentatio,</strong></span> <span class='ocrx_word' id='word_1_231' title='bbox 851 2849 909 2899; x_wconf 81' lang='lat' dir='ltr'><strong>que</strong></span> <span class='ocrx_word' id='word_1_232' title='bbox 921 2836 1045 2885; x_wconf 88' lang='lat' dir='ltr'><strong>orationis</strong></span> <span class='ocrx_word' id='word_1_233' title='bbox 1058 2835 1138 2885; x_wconf 80' lang='lat' dir='ltr'><strong>torma</strong></span> <span class='ocrx_word' id='word_1_234' title='bbox 1150 2835 1183 2885; x_wconf 91' lang='lat' dir='ltr'><strong>iis</strong></span> <span class='ocrx_word' id='word_1_235' title='bbox 1194 2847 1250 2899; x_wconf 85' lang='lat' dir='ltr'><strong>qnae</strong></span> <span class='ocrx_word' id='word_1_236' title='bbox 1262 2846 1375 2898; x_wconf 83' lang='lat' dir='ltr'><strong>sequun-</strong></span> 
     </span>
     <span class='ocr_line' id='line_1_27' title="bbox 300 2921 1372 2987; baseline 0.002 -17"><span class='ocrx_word' id='word_1_237' title='bbox 300 2929 344 2970; x_wconf 87' lang='lat' dir='ltr'><strong>tnr</strong></span> <span class='ocrx_word' id='word_1_238' title='bbox 356 2921 449 2971; x_wconf 88' lang='lat' dir='ltr'><strong>melius</strong></span> <span class='ocrx_word' id='word_1_239' title='bbox 460 2922 609 2984; x_wconf 88' lang='lat' dir='ltr'><strong>respondet.</strong></span> <span class='ocrx_word' id='word_1_240' title='bbox 621 2948 652 2957; x_wconf 99' lang='lat'>-</span> <span class='ocrx_word' id='word_1_241' title='bbox 665 2922 749 2972; x_wconf 79' lang='lat' dir='ltr'><strong>Facile</strong></span> <span class='ocrx_word' id='word_1_242' title='bbox 761 2922 854 2973; x_wconf 86' lang='lat' dir='ltr'><strong>abesse</strong></span> <span class='ocrx_word' id='word_1_243' title='bbox 867 2932 974 2986; x_wconf 85' lang='lat' dir='ltr'><strong>pessunt</strong></span> <span class='ocrx_word' id='word_1_244' title='bbox 985 2923 1063 2973; x_wconf 85' lang='lat' dir='ltr'><strong>rerba</strong></span> <span class='ocrx_word' id='word_1_245' title='bbox 1082 2943 1092 2966; x_wconf 85' lang='lat'>«</span> <span class='ocrx_word' id='word_1_246' title='bbox 1106 2923 1165 2987; x_wconf 90' lang='lat' dir='ltr'><strong>angi</strong></span> <span class='ocrx_word' id='word_1_247' title='bbox 1177 2922 1261 2973; x_wconf 85' lang='lat' dir='ltr'><strong>alieno</strong></span> <span class='ocrx_word' id='word_1_248' title='bbox 1272 2922 1341 2973; x_wconf 91' lang='lat' dir='ltr'><strong>bono</strong></span> <span class='ocrx_word' id='word_1_249' title='bbox 1351 2940 1372 2979; x_wconf 81' lang='grc'><strong>3,</strong></span> 
     </span>
     <span class='ocr_line' id='line_1_28' title="bbox 299 3009 1375 3075; baseline 0.002 -17"><span class='ocrx_word' id='word_1_250' title='bbox 299 3016 360 3072; x_wconf 92' lang='lat' dir='ltr'><strong>post</strong></span> <span class='ocrx_word' id='word_1_251' title='bbox 377 3029 387 3050; x_wconf 76' lang='grc' dir='ltr'>ι</span> <span class='ocrx_word' id='word_1_252' title='bbox 402 3009 573 3059; x_wconf 84' lang='lat' dir='ltr'><strong>obtrectantis</strong></span> <span class='ocrx_word' id='word_1_253' title='bbox 584 3015 670 3060; x_wconf 87' lang='lat' dir='ltr'><strong>autem</strong></span> <span class='ocrx_word' id='word_1_254' title='bbox 685 3029 713 3071; x_wconf 79' lang='grc' dir='ltr'><strong>ι,</strong></span> <span class='ocrx_word' id='word_1_255' title='bbox 732 3023 788 3075; x_wconf 85' lang='lat' dir='ltr'><strong>qrrae</strong></span> <span class='ocrx_word' id='word_1_256' title='bbox 803 3010 855 3074; x_wconf 82' lang='lat' dir='ltr'><strong>jam</strong></span> <span class='ocrx_word' id='word_1_257' title='bbox 870 3012 945 3073; x_wconf 90' lang='lat' dir='ltr'><strong>paulo</strong></span> <span class='ocrx_word' id='word_1_258' title='bbox 957 3024 1032 3074; x_wconf 86' lang='lat' dir='ltr'><strong>supra</strong></span> <span class='ocrx_word' id='word_1_259' title='bbox 1050 3017 1110 3074; x_wconf 90' lang='lat' dir='ltr'><strong>post</strong></span> <span class='ocrx_word' id='word_1_260' title='bbox 1126 3011 1267 3061; x_wconf 79' lang='lat' dir='ltr'><strong>aemulantis</strong></span> <span class='ocrx_word' id='word_1_261' title='bbox 1281 3012 1375 3074; x_wconf 88' lang='lat' dir='ltr'><strong>legun·</strong></span> 
     </span>
     <span class='ocr_line' id='line_1_29' title="bbox 299 3098 1376 3162; baseline 0 -14"><span class='ocrx_word' id='word_1_262' title='bbox 299 3106 356 3156; x_wconf 90' lang='lat' dir='ltr'><strong>tnr;</strong></span> <span class='ocrx_word' id='word_1_263' title='bbox 374 3098 412 3148; x_wconf 90' lang='lat' dir='ltr'><strong>sic</strong></span> <span class='ocrx_word' id='word_1_264' title='bbox 432 3099 509 3147; x_wconf 81' lang='lat' dir='ltr'><strong>etiam</strong></span> <span class='ocrx_word' id='word_1_265' title='bbox 528 3111 578 3148; x_wconf 91' lang='lat' dir='ltr'><strong>non</strong></span> <span class='ocrx_word' id='word_1_266' title='bbox 590 3098 720 3155; x_wconf 86' lang='lat' dir='ltr'><strong>abundat,</strong></span> <span class='ocrx_word' id='word_1_267' title='bbox 737 3106 797 3149; x_wconf 87' lang='lat' dir='ltr'><strong>ante</strong></span> <span class='ocrx_word' id='word_1_268' title='bbox 813 3115 827 3143; x_wconf 76' lang='lat' dir='ltr'><strong>a</strong></span> <span class='ocrx_word' id='word_1_269' title='bbox 841 3099 907 3149; x_wconf 89' lang='lat' dir='ltr'><strong>alins</strong></span> <span class='ocrx_word' id='word_1_270' title='bbox 918 3099 1011 3149; x_wconf 86' lang='lat' dir='ltr'><strong>lrabeat</strong></span> <span class='ocrx_word' id='word_1_271' title='bbox 1029 3119 1050 3147; x_wconf 83' lang='lat'><strong>».</strong></span> <span class='ocrx_word' id='word_1_272' title='bbox 1067 3127 1097 3136; x_wconf 92' lang='lat'><em>-</em></span> <span class='ocrx_word' id='word_1_273' title='bbox 1116 3099 1211 3162; x_wconf 81' lang='lat' dir='ltr'><strong>begam</strong></span> <span class='ocrx_word' id='word_1_274' title='bbox 1223 3111 1280 3148; x_wconf 91' lang='lat' dir='ltr'><strong>cnm</strong></span> <span class='ocrx_word' id='word_1_275' title='bbox 1298 3098 1376 3148; x_wconf 80' lang='lat' dir='ltr'><strong>Balaio</strong></span> 
     </span>
     <span class='ocr_line' id='line_1_30' title="bbox 299 3187 1375 3252; baseline 0.001 -17"><span class='ocrx_word' id='word_1_276' title='bbox 299 3205 314 3232; x_wconf 76' lang='lat' dir='ltr'><strong>a</strong></span> <span class='ocrx_word' id='word_1_277' title='bbox 326 3200 380 3250; x_wconf 80' lang='lat' dir='ltr'><strong>prae</strong></span> <span class='ocrx_word' id='word_1_278' title='bbox 390 3187 550 3250; x_wconf 79' lang='lat' dir='ltr'><strong>experientia</strong></span> <span class='ocrx_word' id='word_1_279' title='bbox 562 3208 622 3236; x_wconf 82' lang='lat'><strong>».-</strong></span> <span class='ocrx_word' id='word_1_280' title='bbox 635 3188 647 3249; x_wconf 68' lang='lat' dir='ltr'><strong>l</strong></span> <span class='ocrx_word' id='word_1_281' title='bbox 658 3188 700 3236; x_wconf 86' lang='grc'><strong>57.</strong></span> <span class='ocrx_word' id='word_1_282' title='bbox 713 3187 795 3237; x_wconf 86' lang='lat' dir='ltr'><strong>Verba</strong></span> <span class='ocrx_word' id='word_1_283' title='bbox 810 3210 821 3231; x_wconf 76' lang='grc' dir='ltr'>ι</span> <span class='ocrx_word' id='word_1_284' title='bbox 835 3196 861 3237; x_wconf 89' lang='lat' dir='ltr'><strong>et</strong></span> <span class='ocrx_word' id='word_1_285' title='bbox 873 3189 993 3252; x_wconf 88' lang='lat' dir='ltr'><strong>cupidum</strong></span> <span class='ocrx_word' id='word_1_286' title='bbox 1005 3209 1034 3245; x_wconf 65' lang='grc' dir='ltr'><strong>υ,</strong></span> <span class='ocrx_word' id='word_1_287' title='bbox 1050 3194 1110 3237; x_wconf 89' lang='lat' dir='ltr'><strong>ante</strong></span> <span class='ocrx_word' id='word_1_288' title='bbox 1128 3208 1138 3231; x_wconf 85' lang='lat'>«</span> <span class='ocrx_word' id='word_1_289' title='bbox 1151 3194 1177 3237; x_wconf 91' lang='lat' dir='ltr'><strong>et</strong></span> <span class='ocrx_word' id='word_1_290' title='bbox 1188 3187 1338 3237; x_wconf 89' lang='lat' dir='ltr'><strong>iracundam</strong></span> <span class='ocrx_word' id='word_1_291' title='bbox 1351 3206 1375 3246; x_wconf 70' lang='grc' dir='ltr'><strong>ν,</strong></span> 
     </span>
     <span class='ocr_line' id='line_1_31' title="bbox 300 3274 1375 3339; baseline 0 -16"><span class='ocrx_word' id='word_1_292' title='bbox 300 3286 358 3335; x_wconf 80' lang='lat' dir='ltr'><strong>qrrae</strong></span> <span class='ocrx_word' id='word_1_293' title='bbox 375 3274 470 3324; x_wconf 90' lang='lat' dir='ltr'><strong>desunt</strong></span> <span class='ocrx_word' id='word_1_294' title='bbox 488 3274 514 3323; x_wconf 94' lang='lat' dir='ltr'><strong>in</strong></span> <span class='ocrx_word' id='word_1_295' title='bbox 532 3274 589 3324; x_wconf 91' lang='lat' dir='ltr'><strong>cod.</strong></span> <span class='ocrx_word' id='word_1_296' title='bbox 606 3275 643 3336; x_wconf 86' lang='lat' dir='ltr'><strong>ll,</strong></span> <span class='ocrx_word' id='word_1_297' title='bbox 661 3275 748 3325; x_wconf 90' lang='lat' dir='ltr'><strong>omisit</strong></span> <span class='ocrx_word' id='word_1_298' title='bbox 768 3276 861 3326; x_wconf 80' lang='lat' dir='ltr'><strong>Baiter.</strong></span> <span class='ocrx_word' id='word_1_299' title='bbox 873 3302 906 3314; x_wconf 97' lang='lat'>-</span> <span class='ocrx_word' id='word_1_300' title='bbox 918 3276 1028 3326; x_wconf 88' lang='lat' dir='ltr'><strong>inseruit</strong></span> <span class='ocrx_word' id='word_1_301' title='bbox 1047 3276 1115 3326; x_wconf 90' lang='lat' dir='ltr'><strong>idem</strong></span> <span class='ocrx_word' id='word_1_302' title='bbox 1133 3274 1254 3339; x_wconf 87' lang='lat' dir='ltr'><strong>egregius</strong></span> <span class='ocrx_word' id='word_1_303' title='bbox 1270 3275 1375 3324; x_wconf 87' lang='lat' dir='ltr'><strong>criticas</strong></span> 
     </span>
     <span class='ocr_line' id='line_1_32' title="bbox 303 3362 1375 3429; baseline 0 -19"><span class='ocrx_word' id='word_1_304' title='bbox 303 3362 400 3412; x_wconf 89' lang='lat' dir='ltr'><strong>litteris</strong></span> <span class='ocrx_word' id='word_1_305' title='bbox 411 3362 524 3425; x_wconf 86' lang='lat' dir='ltr'><strong>obliquis</strong></span> <span class='ocrx_word' id='word_1_306' title='bbox 536 3362 645 3413; x_wconf 89' lang='lat' dir='ltr'><strong>incisum</strong></span> <span class='ocrx_word' id='word_1_307' title='bbox 660 3383 670 3406; x_wconf 85' lang='lat'>«</span> <span class='ocrx_word' id='word_1_308' title='bbox 684 3377 735 3414; x_wconf 90' lang='lat' dir='ltr'><strong>non</strong></span> <span class='ocrx_word' id='word_1_309' title='bbox 748 3366 951 3427; x_wconf 84' lang='lat' dir='ltr'><strong>praemeditatum</strong></span> <span class='ocrx_word' id='word_1_310' title='bbox 964 3365 997 3415; x_wconf 88' lang='lat' dir='ltr'><strong>sit</strong></span> <span class='ocrx_word' id='word_1_311' title='bbox 1010 3383 1033 3425; x_wconf 82' lang='lat' dir='ltr'><strong>r,</strong></span> <span class='ocrx_word' id='word_1_312' title='bbox 1048 3372 1106 3429; x_wconf 89' lang='lat' dir='ltr'><strong>post</strong></span> <span class='ocrx_word' id='word_1_313' title='bbox 1117 3364 1211 3414; x_wconf 80' lang='lat' dir='ltr'><strong>rerba:</strong></span> <span class='ocrx_word' id='word_1_314' title='bbox 1231 3383 1241 3407; x_wconf 78' lang='grc' dir='ltr'>ι</span> <span class='ocrx_word' id='word_1_315' title='bbox 1256 3363 1297 3413; x_wconf 84' lang='grc'><strong>334</strong></span> <span class='ocrx_word' id='word_1_316' title='bbox 1312 3362 1375 3412; x_wconf 90' lang='lat' dir='ltr'><strong>nibil</strong></span> 
     </span>
     <span class='ocr_line' id='line_1_33' title="bbox 300 3452 1376 3517; baseline 0.003 -17"><span class='ocrx_word' id='word_1_317' title='bbox 300 3452 370 3514; x_wconf 88' lang='lat' dir='ltr'><strong>qaod</strong></span> <span class='ocrx_word' id='word_1_318' title='bbox 383 3452 481 3502; x_wconf 86' lang='lat' dir='ltr'><strong>bomini</strong></span> <span class='ocrx_word' id='word_1_319' title='bbox 492 3452 598 3502; x_wconf 86' lang='lat' dir='ltr'><strong>evenire</strong></span> <span class='ocrx_word' id='word_1_320' title='bbox 610 3452 692 3515; x_wconf 89' lang='lat' dir='ltr'><strong>possit</strong></span> <span class='ocrx_word' id='word_1_321' title='bbox 706 3473 728 3502; x_wconf 80' lang='lat' dir='ltr'><strong>r.</strong></span> <span class='ocrx_word' id='word_1_322' title='bbox 746 3454 916 3506; x_wconf 77' lang='lat' dir='ltr'><strong>verisimilius</strong></span> <span class='ocrx_word' id='word_1_323' title='bbox 927 3454 1082 3505; x_wconf 87' lang='lat' dir='ltr'><strong>sententiam</strong></span> <span class='ocrx_word' id='word_1_324' title='bbox 1102 3453 1225 3517; x_wconf 88' lang='lat' dir='ltr'><strong>compleri</strong></span> <span class='ocrx_word' id='word_1_325' title='bbox 1238 3466 1313 3517; x_wconf 90' lang='lat' dir='ltr'><strong>posse</strong></span> <span class='ocrx_word' id='word_1_326' title='bbox 1332 3465 1376 3502; x_wconf 89' lang='lat' dir='ltr'><strong>ar-</strong></span> 
     </span>
    </p>
   </div>
   <div class='ocr_carea' id='block_1_3' title="bbox 300 3540 1468 3606">
    <p class='ocr_par' dir='ltr' id='par_1_11' title="bbox 300 3540 1468 3606">
     <span class='ocr_line' id='line_1_34' title="bbox 300 3540 1468 3606; baseline 0.001 -17"><span class='ocrx_word' id='word_1_327' title='bbox 300 3540 385 3590; x_wconf 89' lang='lat' dir='ltr'><strong>bitror</strong></span> <span class='ocrx_word' id='word_1_328' title='bbox 397 3540 535 3591; x_wconf 89' lang='lat' dir='ltr'><strong>inserendo</strong></span> <span class='ocrx_word' id='word_1_329' title='bbox 553 3555 603 3590; x_wconf 83' lang='lat' dir='ltr'><strong>non</strong></span> <span class='ocrx_word' id='word_1_330' title='bbox 615 3542 682 3591; x_wconf 90' lang='lat' dir='ltr'><strong>inter</strong></span> <span class='ocrx_word' id='word_1_331' title='bbox 695 3542 790 3591; x_wconf 80' lang='lat' dir='ltr'><strong>bomini</strong></span> <span class='ocrx_word' id='word_1_332' title='bbox 802 3552 829 3594; x_wconf 93' lang='lat' dir='ltr'><strong>et</strong></span> <span class='ocrx_word' id='word_1_333' title='bbox 841 3544 938 3593; x_wconf 84' lang='lat' dir='ltr'><strong>euenire</strong></span> <span class='ocrx_word' id='word_1_334' title='bbox 951 3558 959 3591; x_wconf 90' lang='lat'><strong>.·</strong></span> <span class='ocrx_word' id='word_1_335' title='bbox 978 3562 989 3587; x_wconf 77' lang='lat' dir='ltr'><strong>a</strong></span> <span class='ocrx_word' id='word_1_336' title='bbox 1002 3543 1044 3593; x_wconf 91' lang='lat' dir='ltr'><strong>cui</strong></span> <span class='ocrx_word' id='word_1_337' title='bbox 1056 3543 1120 3593; x_wconf 89' lang='lat' dir='ltr'><strong>nibil</strong></span> <span class='ocrx_word' id='word_1_338' title='bbox 1135 3542 1202 3606; x_wconf 89' lang='lat' dir='ltr'><strong>qnod</strong></span> <span class='ocrx_word' id='word_1_339' title='bbox 1217 3542 1314 3592; x_wconf 92' lang='lat' dir='ltr'><strong>bomini</strong></span> <span class='ocrx_word' id='word_1_340' title='bbox 1326 3555 1376 3591; x_wconf 90' lang='lat' dir='ltr'><strong>non</strong></span> <span class='ocrx_word' id='word_1_341' title='bbox 1466 3576 1468 3581; x_wconf 85' lang='lat'>-</span> 
     </span>
    </p>
   </div>
   <div class='ocr_carea' id='block_1_4' title="bbox 298 3628 1378 4383">
    <p class='ocr_par' dir='ltr' id='par_1_12' title="bbox 298 3628 1376 3960">
     <span class='ocr_line' id='line_1_35' title="bbox 298 3628 1375 3695; baseline 0.002 -19"><span class='ocrx_word' id='word_1_342' title='bbox 298 3628 405 3678; x_wconf 78' lang='lat' dir='ltr'><strong>evenire</strong></span> <span class='ocrx_word' id='word_1_343' title='bbox 424 3628 522 3690; x_wconf 82' lang='lat' dir='ltr'><strong>possit?</strong></span> <span class='ocrx_word' id='word_1_344' title='bbox 537 3649 547 3670; x_wconf 84' lang='lat'><strong>·</strong></span> <span class='ocrx_word' id='word_1_345' title='bbox 565 3630 697 3680; x_wconf 88' lang='lat' dir='ltr'><strong>intellecto</strong></span> <span class='ocrx_word' id='word_1_346' title='bbox 716 3632 803 3680; x_wconf 82' lang='lat' dir='ltr'><strong>evenit.</strong></span> <span class='ocrx_word' id='word_1_347' title='bbox 826 3631 940 3682; x_wconf 88' lang='lat' dir='ltr'><strong>Subinde</strong></span> <span class='ocrx_word' id='word_1_348' title='bbox 956 3632 1041 3695; x_wconf 82' lang='lat' dir='ltr'><strong>legam</strong></span> <span class='ocrx_word' id='word_1_349' title='bbox 1060 3644 1118 3682; x_wconf 90' lang='lat' dir='ltr'><strong>cam</strong></span> <span class='ocrx_word' id='word_1_350' title='bbox 1140 3630 1276 3682; x_wconf 87' lang='lat' dir='ltr'><strong>Benlleio:</strong></span> <span class='ocrx_word' id='word_1_351' title='bbox 1297 3631 1375 3679; x_wconf 77' lang='lat' dir='ltr'><strong>«lam</strong></span> 
     </span>
     <span class='ocr_line' id='line_1_36' title="bbox 300 3716 1376 3785; baseline 0.003 -21"><span class='ocrx_word' id='word_1_352' title='bbox 300 3716 369 3778; x_wconf 83' lang='lat' dir='ltr'><strong>qrrod</strong></span> <span class='ocrx_word' id='word_1_353' title='bbox 381 3716 453 3766; x_wconf 89' lang='lat' dir='ltr'><strong>aiunt</strong></span> <span class='ocrx_word' id='word_1_354' title='bbox 466 3735 488 3777; x_wconf 75' lang='grc' dir='ltr'><strong>ι,</strong></span> <span class='ocrx_word' id='word_1_355' title='bbox 506 3730 552 3779; x_wconf 90' lang='lat' dir='ltr'><strong>pro</strong></span> <span class='ocrx_word' id='word_1_356' title='bbox 566 3732 634 3768; x_wconf 86' lang='lat' dir='ltr'><strong>nom.</strong></span> <span class='ocrx_word' id='word_1_357' title='bbox 647 3746 677 3755; x_wconf 91' lang='lat'><em>-</em></span> <span class='ocrx_word' id='word_1_358' title='bbox 690 3719 782 3769; x_wconf 72' lang='lat' dir='ltr'><strong>maius</strong></span> <span class='ocrx_word' id='word_1_359' title='bbox 795 3727 886 3770; x_wconf 90' lang='lat' dir='ltr'><strong>censet</strong></span> <span class='ocrx_word' id='word_1_360' title='bbox 902 3720 1039 3784; x_wconf 88' lang='lat' dir='ltr'><strong>legendnm</strong></span> <span class='ocrx_word' id='word_1_361' title='bbox 1056 3720 1279 3785; x_wconf 75' lang='lat' dir='ltr'><strong>aquaeerellendoe</strong></span> <span class='ocrx_word' id='word_1_362' title='bbox 1290 3725 1316 3768; x_wconf 88' lang='lat' dir='ltr'><strong>et</strong></span> <span class='ocrx_word' id='word_1_363' title='bbox 1328 3732 1376 3767; x_wconf 83' lang='lat' dir='ltr'><strong>er-</strong></span> 
     </span>
     <span class='ocr_line' id='line_1_37' title="bbox 303 3803 1375 3869; baseline 0.009 -18"><span class='ocrx_word' id='word_1_364' title='bbox 303 3803 432 3853; x_wconf 81' lang='lat' dir='ltr'><strong>trabende</strong></span> <span class='ocrx_word' id='word_1_365' title='bbox 449 3804 559 3867; x_wconf 85' lang='lat' dir='ltr'><strong>penitus,</strong></span> <span class='ocrx_word' id='word_1_366' title='bbox 573 3819 623 3856; x_wconf 91' lang='lat' dir='ltr'><strong>noa</strong></span> <span class='ocrx_word' id='word_1_367' title='bbox 636 3806 850 3858; x_wconf 74' lang='lat' dir='ltr'><strong>circumcidenda</strong></span> <span class='ocrx_word' id='word_1_368' title='bbox 862 3820 910 3857; x_wconf 89' lang='lat' dir='ltr'><strong>nec</strong></span> <span class='ocrx_word' id='word_1_369' title='bbox 921 3809 1078 3869; x_wconf 75' lang='lat' dir='ltr'><strong>amputando</strong></span> <span class='ocrx_word' id='word_1_370' title='bbox 1090 3816 1180 3866; x_wconf 78' lang='lat' dir='ltr'><strong>sunt»,</strong></span> <span class='ocrx_word' id='word_1_371' title='bbox 1197 3806 1253 3857; x_wconf 91' lang='lat' dir='ltr'><strong>scil.</strong></span> <span class='ocrx_word' id='word_1_372' title='bbox 1266 3807 1375 3861; x_wconf 78' lang='lat' dir='ltr'><strong>radices:</strong></span> 
     </span>
     <span class='ocr_line' id='line_1_38' title="bbox 300 3892 954 3960; baseline 0.003 -19"><span class='ocrx_word' id='word_1_373' title='bbox 300 3892 423 3954; x_wconf 83' lang='lat' dir='ltr'><strong>equidem</strong></span> <span class='ocrx_word' id='word_1_374' title='bbox 435 3892 535 3943; x_wconf 89' lang='lat' dir='ltr'><strong>deleam</strong></span> <span class='ocrx_word' id='word_1_375' title='bbox 548 3908 601 3957; x_wconf 80' lang='lat' dir='ltr'><strong>qaae</strong></span> <span class='ocrx_word' id='word_1_376' title='bbox 613 3901 640 3944; x_wconf 89' lang='lat' dir='ltr'><strong>et</strong></span> <span class='ocrx_word' id='word_1_377' title='bbox 652 3904 710 3944; x_wconf 80' lang='lat' dir='ltr'><strong>sam</strong></span> <span class='ocrx_word' id='word_1_378' title='bbox 724 3902 781 3958; x_wconf 92' lang='lat' dir='ltr'><strong>post</strong></span> <span class='ocrx_word' id='word_1_379' title='bbox 793 3896 954 3960; x_wconf 84' lang='lat' dir='ltr'><strong>amputando.</strong></span> 
     </span>
    </p>

    <p class='ocr_par' dir='ltr' id='par_1_13' title="bbox 300 3979 1378 4306">
     <span class='ocr_line' id='line_1_39' title="bbox 333 3979 1376 4049; baseline 0.005 -21"><span class='ocrx_word' id='word_1_380' title='bbox 333 3979 433 4042; x_wconf 77' lang='lat' dir='ltr'><strong>xxvii,</strong></span> <span class='ocrx_word' id='word_1_381' title='bbox 452 3982 517 4045; x_wconf 70' lang='lat'><strong>§5⁸-</strong></span> <span class='ocrx_word' id='word_1_382' title='bbox 535 3982 561 4031; x_wconf 91' lang='lat' dir='ltr'><strong>Si</strong></span> <span class='ocrx_word' id='word_1_383' title='bbox 574 3982 645 4046; x_wconf 87' lang='lat' dir='ltr'><strong>quid,</strong></span> <span class='ocrx_word' id='word_1_384' title='bbox 659 3991 716 4047; x_wconf 91' lang='lat' dir='ltr'><strong>post</strong></span> <span class='ocrx_word' id='word_1_385' title='bbox 729 3985 806 4035; x_wconf 87' lang='lat' dir='ltr'><strong>rerba</strong></span> <span class='ocrx_word' id='word_1_386' title='bbox 824 4005 835 4026; x_wconf 76' lang='lat' dir='ltr'><strong>n</strong></span> <span class='ocrx_word' id='word_1_387' title='bbox 850 3999 908 4036; x_wconf 87' lang='lat' dir='ltr'><strong>esse</strong></span> <span class='ocrx_word' id='word_1_388' title='bbox 921 3986 1029 4036; x_wconf 90' lang='lat' dir='ltr'><strong>liberum</strong></span> <span class='ocrx_word' id='word_1_389' title='bbox 1044 4004 1071 4048; x_wconf 82' lang='lat' dir='ltr'><strong>r,</strong></span> <span class='ocrx_word' id='word_1_390' title='bbox 1089 3985 1266 4049; x_wconf 70' lang='lat' dir='ltr'><strong>subiunxisset</strong></span> <span class='ocrx_word' id='word_1_391' title='bbox 1276 3984 1376 4043; x_wconf 86' lang='lat' dir='ltr'><strong>Cicero,</strong></span> 
     </span>
     <span class='ocr_line' id='line_1_40' title="bbox 305 4069 1378 4140; baseline 0.004 -23"><span class='ocrx_word' id='word_1_392' title='bbox 305 4082 391 4119; x_wconf 87' lang='lat' dir='ltr'><strong>nonne</strong></span> <span class='ocrx_word' id='word_1_393' title='bbox 409 4069 494 4131; x_wconf 90' lang='lat' dir='ltr'><strong>potius</strong></span> <span class='ocrx_word' id='word_1_394' title='bbox 510 4071 658 4133; x_wconf 89' lang='lat' dir='ltr'><strong>scripsisset</strong></span> <span class='ocrx_word' id='word_1_395' title='bbox 674 4091 687 4117; x_wconf 82' lang='lat' dir='ltr'><strong>a</strong></span> <span class='ocrx_word' id='word_1_396' title='bbox 701 4080 726 4124; x_wconf 94' lang='lat' dir='ltr'><strong>te</strong></span> <span class='ocrx_word' id='word_1_397' title='bbox 740 4074 803 4124; x_wconf 83' lang='lat' dir='ltr'><strong>nelis</strong></span> <span class='ocrx_word' id='word_1_398' title='bbox 816 4094 844 4134; x_wconf 73' lang='lat' dir='ltr'><strong>a,</strong></span> <span class='ocrx_word' id='word_1_399' title='bbox 861 4088 936 4140; x_wconf 84' lang='lat' dir='ltr'><strong>qnam</strong></span> <span class='ocrx_word' id='word_1_400' title='bbox 956 4098 965 4117; x_wconf 80' lang='lat'>«</span> <span class='ocrx_word' id='word_1_401' title='bbox 981 4075 1058 4125; x_wconf 86' lang='lat' dir='ltr'><strong>teris</strong></span> <span class='ocrx_word' id='word_1_402' title='bbox 1073 4074 1144 4121; x_wconf 81' lang='lat' dir='ltr'><strong>»l—</strong></span> <span class='ocrx_word' id='word_1_403' title='bbox 1157 4076 1169 4137; x_wconf 74' lang='grc'><strong>5</strong></span> <span class='ocrx_word' id='word_1_404' title='bbox 1180 4073 1221 4124; x_wconf 88' lang='grc'><strong>59.</strong></span> <span class='ocrx_word' id='word_1_405' title='bbox 1238 4074 1302 4123; x_wconf 85' lang='lat' dir='ltr'><strong>Vera</strong></span> <span class='ocrx_word' id='word_1_406' title='bbox 1315 4074 1378 4123; x_wconf 88' lang='lat' dir='ltr'><strong>mibi</strong></span> 
     </span>
     <span class='ocr_line' id='line_1_41' title="bbox 300 4158 1377 4226; baseline 0.006 -22"><span class='ocrx_word' id='word_1_407' title='bbox 300 4158 402 4207; x_wconf 84' lang='lat' dir='ltr'><strong>ridetur</strong></span> <span class='ocrx_word' id='word_1_408' title='bbox 415 4158 524 4207; x_wconf 84' lang='lat' dir='ltr'><strong>Bentleii</strong></span> <span class='ocrx_word' id='word_1_409' title='bbox 536 4162 664 4211; x_wconf 89' lang='lat' dir='ltr'><strong>correctio</strong></span> <span class='ocrx_word' id='word_1_410' title='bbox 678 4161 787 4225; x_wconf 85' lang='lat' dir='ltr'><strong>legentis</strong></span> <span class='ocrx_word' id='word_1_411' title='bbox 799 4164 894 4213; x_wconf 80' lang='lat' dir='ltr'><strong>carmin</strong></span> <span class='ocrx_word' id='word_1_412' title='bbox 907 4171 964 4226; x_wconf 90' lang='lat' dir='ltr'><strong>post</strong></span> <span class='ocrx_word' id='word_1_413' title='bbox 976 4163 1132 4225; x_wconf 76' lang='lat' dir='ltr'><strong>adhibeatur,</strong></span> <span class='ocrx_word' id='word_1_414' title='bbox 1147 4176 1193 4225; x_wconf 89' lang='lat' dir='ltr'><strong>pro</strong></span> <span class='ocrx_word' id='word_1_415' title='bbox 1206 4162 1273 4225; x_wconf 83' lang='lat' dir='ltr'><strong>rrrlg.</strong></span> <span class='ocrx_word' id='word_1_416' title='bbox 1288 4162 1377 4211; x_wconf 85' lang='lat' dir='ltr'><strong>oratio.</strong></span> 
     </span>
     <span class='ocr_line' id='line_1_42' title="bbox 304 4244 459 4306; baseline 0.019 -14"><span class='ocrx_word' id='word_1_417' title='bbox 304 4244 376 4294; x_wconf 73' lang='lat' dir='ltr'><strong>(loni.</strong></span> <span class='ocrx_word' id='word_1_418' title='bbox 395 4246 459 4306; x_wconf 70' lang='grc'><strong>565.</strong></span> 
     </span>
    </p>

    <p class='ocr_par' dir='ltr' id='par_1_14' title="bbox 1225 4335 1252 4383">
     <span class='ocr_line' id='line_1_43' title="bbox 1225 4335 1252 4383; baseline 0.074 -2"><span class='ocrx_word' id='word_1_419' title='bbox 1225 4335 1252 4383; x_wconf 86' lang='lat' dir='ltr'><strong>ill</strong></span> 
     </span>
    </p>
   </div>
   <div class='ocr_carea' id='block_1_5' title="bbox 0 0 1679 5159">
    <p class='ocr_par' dir='ltr' id='par_1_15' title="bbox 0 0 1679 5159">
     <span class='ocr_line' id='line_1_44' title="bbox 0 0 1679 5159; baseline 0 0"><span class='ocrx_word' id='word_1_420' title='bbox 0 0 1679 5159; x_wconf 95' lang='lat' dir='ltr'><strong> </strong></span> 
     </span>
    </p>
   </div>
  </div>
 </body>
</html>
