3325 5159
538 602 579 659 Ita
593 615 776 659 orviuarronr,
792 604 826 671 ll,
842 615 1008 672 xxiiii-xm,
1023 601 1117 659 70-86.
1308 604 1358 661 109

300 742 336 791 rit
348 741 495 802 Lambinus,
508 754 582 804 quam
595 741 631 790 sic
643 741 746 803 explere
759 740 867 791 tentarit
878 740 1017 790 Christius:
1033 761 1042 782 ι
1057 740 1146 791 Veios:
1160 740 1269 790 omnies
1288 748 1358 803 parte

299 836 353 880 rata
366 823 522 880 extiterunt?
534 843 593 879 num
606 830 689 879 minus
700 830 778 880 Roma
791 842 805 879 a
817 828 895 880 Gallis
906 837 978 893 capta
990 829 1048 880 est?
1061 830 1093 879 tta
1101 841 1175 893 aqua,
1184 836 1234 880 etc.
1246 849 1267 877 ι.
1281 830 1359 893 Equi-

299 920 358 970 dem
371 919 452 969 lerius
464 918 604 969 remedium
617 929 755 983 proponam
766 917 876 982 legendo
888 922 998 968 attamen
1010 926 1067 981 post
1081 918 1158 976 Veios,
1172 931 1217 981 pro
1228 919 1271 978 ito,
1284 926 1310 968 et
1322 919 1359 967 in·

298 1010 410 1060 serendo
422 1013 458 1059 est
470 1016 527 1072 post
539 1009 649 1058 deducto.
663 1009 854 1072 Nonnumquam
866 1012 982 1067 attamen,
999 1012 1089 1067 tamen,
1108 1011 1143 1057 ito
1162 1009 1187 1058 in
1206 1010 1280 1059 codd.
1299 1021 1359 1072 per·

299 1106 429 1149 rnutantur
440 1100 473 1150 ob
485 1099 644 1162 compendia.

331 1189 439 1250 lllllllll‚
452 1189 463 1250 5
475 1188 515 1237 to.
534 1188 707 1238 Sententiam:
723 1187 847 1238 «errabat
858 1189 925 1237 enim
945 1187 1031 1238 multis
1050 1187 1074 1236 in
1094 1186 1168 1237 rebus
1188 1186 1359 1250 antiquitas»,

299 1291 374 1342 quam
386 1277 505 1327 Petreius
516 1276 589 1327 uncis
600 1276 711 1339 inclusit,
724 1283 781 1339 post
789 1277 894 1327 verbum
903 1278 1012 1327 ridemur
1023 1289 1081 1327 esse
1091 1276 1290 1326 transferendam
1299 1288 1359 1325 cen-

298 1383 361 1426 seo:
374 1368 410 1418 sic
422 1368 549 1418 nomentio
560 1367 651 1419 Clerici
666 1389 675 1410 ι
689 1380 751 1432 quas
754 1404 801 1417 .....
815 1368 959 1417 immutatas
973 1390 982 1409 ι
999 1367 1025 1418 fit
1037 1367 1141 1417 inutilis.

328 1456 434 1518 xxxiv,
448 1456 512 1519 572.
531 1456 625 1513 Edidit,
638 1464 742 1506 auctore
753 1457 780 1505 C.
796 1457 821 1505 P.
836 1457 955 1520 larsem,
971 1457 1085 1507 Baiterus
1099 1479 1107 1497 «
1123 1458 1144 1506 st
1158 1463 1292 1518 pascentur
1307 1476 1316 1497 »
1331 1456 1356 1505 in

295 1546 339 1596 ed.
354 1546 421 1609 Lips.
435 1574 462 1581 -
475 1544 644 1603 Transieram,
657 1546 724 1596 inter
734 1550 869 1609 parcuntur
881 1553 906 1595 el
927 1566 936 1588 ι
952 1559 1008 1609 quae
1025 1558 1085 1595 aves
1101 1566 1121 1605 ι,
1143 1545 1247 1594 verbum
1269 1546 1357 1611 lnquit,

298 1636 367 1699 quod
381 1635 474 1698 legitur
487 1635 511 1683 in
525 1647 599 1684 versu
612 1634 736 1697 interiori,
750 1642 807 1698 post
819 1634 911 1693 attolit,
925 1634 970 1684 ubi
980 1635 1090 1684 alienum
1103 1641 1149 1684 est.

331 1724 426 1786 llllllll,
439 1725 450 1787 t
462 1724 502 1773 73.
521 1724 666 1788 legendum
679 1736 737 1774 esse
749 1725 872 1774 censebat
885 1724 1065 1788 llottingeros:
1079 1743 1091 1768 a
1105 1725 1127 1775 si
1140 1726 1214 1776 niodo
1233 1733 1302 1775 esset
1321 1725 1360 1774 art

297 1813 407 1863 liberum
420 1827 448 1864 se
460 1813 603 1864 ostendisse
618 1835 639 1875 ι,
653 1827 698 1876 pro
711 1813 769 1878 vulg
781 1815 812 1863 el.
827 1814 951 1878 Equidem
971 1815 1087 1877 suspicor
1106 1828 1181 1865 rores
1199 1837 1208 1857 ι
1224 1828 1252 1864 se
1271 1822 1360 1865 osten-

299 1904 369 1954 disse
385 1924 394 1944 ·
408 1917 439 1952 ex
451 1902 549 1953 schotto
561 1911 630 1953 ortas
642 1916 699 1955 esse
711 1911 738 1953 et
749 1904 864 1954 omittam
876 1905 908 1953 ei.
1267 1939 1271 1945 .

331 1993 436 2054 xxxvl,
449 1993 463 2059 §
474 1996 514 2043 77.
531 1993 629 2044 Verba:
644 2015 654 2036 «
669 1994 729 2043 Nam
743 2007 774 2043 ex
786 1993 946 2044 acuminibus
950 2031 1029 2045 ........
1043 1994 1109 2044 idem
1123 2006 1202 2058 angor
1214 1994 1324 2057 optimus
1338 2014 1359 2053 ι,

300 2091 358 2145 post
369 2083 493 2132 incisum:
509 2105 518 2125 ι
531 2095 545 2132 a
558 2082 657 2132 bellicis
668 2096 726 2132 esse
738 2082 837 2132 sublata
849 2102 871 2144 ι,
884 2081 1030 2133 collocanda
1043 2091 1100 2133 esse
1112 2090 1200 2132 censet
1212 2082 1359 2146 lladrigins.

300 2171 424 2235 Equidem
438 2172 548 2233 priorem
561 2172 580 2233 §i
592 2172 760 2221 sententiam:
776 2194 784 2214 ι
801 2172 886 2237 ltaque
900 2185 946 2222 nec
958 2184 1046 2221 amnes
1049 2207 1095 2219 .....
1100 2172 1295 2234 auspicantur3»
1311 2184 1360 2222 non

299 2260 493 2323 asequentibus
505 2260 646 2322 sejungam,
664 2273 770 2323 eamque
787 2261 863 2311 etiam
883 2260 1031 2311 transieram
1050 2267 1107 2324 post
1125 2260 1230 2310 uerbum
1248 2260 1359 2314 uitiato:

298 2350 345 2399 sed
358 2349 448 2412 opinor
459 2350 594 2412 legendum
607 2362 680 2399 esse:
696 2372 705 2393 ·
719 2364 749 2399 rte
761 2363 791 2399 ex
804 2351 964 2401 acuminibus
976 2351 1089 2414 quidem,
1102 2351 1170 2414 quod
1184 2357 1264 2401 totum
1275 2348 1360 2412 auspi·

298 2440 368 2491 cium
381 2440 488 2490 militare
500 2447 556 2500 est;
569 2454 626 2489 nom
640 2440 671 2488 ll.
692 2439 825 2491 ldarcellus
841 2440 883 2491 ille
902 2440 1055 2505 quinquiens
1071 2440 1159 2491 consul
1173 2448 1252 2491 totum
1265 2439 1359 2501 omisit,

299 2528 369 2578 idem
382 2528 528 2591 imperator,
542 2529 610 2578 idem
622 2542 702 2592 augur
714 2528 825 2591 optimos
840 2549 860 2576 a.
873 2555 904 2566 -
916 2529 1009 2592 legam
1021 2542 1079 2579 cum
1092 2530 1119 2578 C.
1132 2528 1160 2577 F.
1180 2529 1219 2578 W.
1238 2527 1358 2577 lltllero:

301 2640 311 2658 ι
329 2618 360 2667 ad
374 2618 481 2667 tritones
494 2631 535 2667 res
546 2624 643 2667 retenta
660 2638 681 2677 ·,
694 2624 721 2667 et
732 2617 807 2680 paolo
819 2618 901 2667 inira:
916 2638 925 2659 ·
940 2623 1015 2681 atque
1027 2617 1095 2667 idem
1107 2616 1149 2666 ille
1162 2616 1298 2673 dicebat»,
1315 2628 1360 2678 pro

300 2707 369 2771 vrrlg.
386 2730 395 2750 ι
409 2707 548 2771 etquidem
561 2708 639 2757 illed.
656 2728 676 2754 ι.
691 2706 761 2758 cont.
776 2707 796 2769 l,
808 2706 862 2757 tlt.

332 2797 460 2859 xxxviii,
474 2797 538 2861 §8⁰-
556 2797 649 2860 legam
661 2811 719 2847 cum
731 2797 805 2847 codd.
820 2797 868 2847 AB.
881 2812 888 2845 ε
904 2796 987 2847 «illud
999 2804 1054 2847 erat
1069 2796 1214 2860 philosophi
1222 2795 1305 2859 potius
1312 2808 1359 2845 au-

299 2880 367 2950 gorii
380 2886 486 2949 primum
499 2893 614 2936 naturam
627 2886 673 2949 ips.
688 2886 737 2935 vid.
756 2886 873 2936 »omissa
892 2899 952 2937 uoce
971 2887 1044 2936 totius
1062 2899 1118 2950 quae
1136 2897 1291 2949 superuacua
1310 2892 1358 2935 est.

302 2974 416 3026 Baiterus
433 2976 458 3024 in
470 2976 533 3026 edit.
547 2974 617 3038 Lips.
629 2982 714 3025 servat
730 2975 813 3024 totius.

333 3062 440 3125 lllllllll‚
453 3064 465 3126 t
477 3065 516 3113 81.
535 3064 628 3127 tegam
645 3076 702 3112 cum
719 3063 886 3126 llottingero:
908 3064 1019 3112 «trorum
1036 3062 1212 3113 auctoritatem
1227 3082 1248 3121 r,
1266 3062 1359 3112 etenim

300 3151 341 3201 hic
354 3152 464 3215 loquitur
476 3154 507 3203 de
519 3152 620 3215 Stoicis,
633 3154 678 3203 sed
691 3153 717 3203 in
730 3154 808 3217 priori
822 3166 896 3203 uersu
909 3167 994 3202 corum
1013 3152 1129 3216 designat
1149 3146 1304 3215 Epicureos}
1324 3152 1360 3202 sie

300 3240 363 3289 nihil
375 3241 548 3304 perspicuitati
561 3247 677 3292 nocet—
685 3241 805 3305 Suspicor
817 3239 925 3290 Tullium
938 3240 1086 3303 scripsisse:
1101 3261 1111 3284 «
1125 3240 1147 3290 si
1158 3240 1184 3289 in
1196 3240 1326 3298 omirritaa,
1335 3239 1360 3288 in

299 3332 420 3394 auspiciis
431 3340 457 3383 et
468 3333 494 3382 in
507 3334 576 3383 omni
587 3333 741 3384 divinatione
754 3354 762 3375 ·
774 3347 781 3394 ;
794 3333 922 3397 principes
934 3332 1061 3383 editiones
1074 3332 1168 3383 liabent
1181 3331 1290 3382 omnibus
1302 3339 1360 3381 ante

300 3423 424 3487 ouapicr'is,
448 3424 494 3473 sed
518 3423 675 3474 enumeratio
699 3423 802 3474 brevior
826 3424 862 3485 lit,
887 3423 909 3472 si
932 3435 1009 3473 unum
1033 3436 1125 3473 nomen
1148 3428 1311 3472 memoratur.
1331 3450 1360 3457 -

299 3512 363 3575 582.
376 3512 505 3562 Memoriae
522 3512 618 3575 lapsum
638 3513 718 3563 nostri
738 3513 850 3563 auctoris
869 3513 910 3563 tric
927 3512 1062 3576 corrigam,
1080 3512 1189 3576 legendo
1209 3512 1297 3576 Ulgrrcs
1316 3524 1361 3573 pro

299 3600 380 3661 iliam
392 3601 429 3652 sic
442 3602 559 3665 equidem
576 3602 682 3652 editoris
699 3602 780 3652 seduli
798 3600 907 3651 officium
924 3600 1048 3664 intelligo.
1061 3629 1089 3637 -
1104 3600 1252 3650 Lambinum
1269 3611 1361 3662 sequar

300 3689 444 3753 legentem:
460 3711 471 3732 ι
480 3703 536 3753 quae
549 3690 708 3752 laetasint»,
722 3703 767 3753 pro
780 3708 793 3734 r
806 3703 862 3754 quae
873 3690 938 3740 ltona
953 3704 980 3750 »;
993 3702 1068 3753 quarn
1080 3688 1264 3740 correctionem
1277 3686 1362 3751 requi·

301 3784 361 3827 ruat
372 3778 448 3828 rerba
461 3795 466 3826 :
480 3797 493 3824 a
506 3790 657 3843 quamquam
670 3778 735 3828 liaud
749 3778 839 3841 ignoro
854 3801 875 3823 ».
889 3807 919 3814 -
931 3779 942 3841 ς
953 3779 993 3829 83.
1007 3778 1100 3841 legam
1120 3790 1176 3827 cum
1195 3775 1360 3838 llottingero:

304 3887 313 3907 ι
327 3866 411 3916 Nonne
422 3879 529 3918 necesse
541 3875 581 3916 est
593 3866 666 3917 lateri
680 3886 701 3926 ι,
714 3866 754 3916 rel
766 3874 854 3917 contra
866 3867 969 3917 codices
980 3866 1023 3930 qui
1037 3866 1077 3915 hic
1090 3865 1150 3915 nihil
1164 3865 1256 3915 valent.

332 3954 382 4003 XL.
401 3957 498 4020 Sequor
509 3955 645 4007 Christium
659 3956 801 4020 legentem:
816 3955 932 4005 «Caecilia
944 3969 969 4005 ac
981 3955 1077 4007 sororis
1089 3953 1146 4003 liliae
1156 3954 1232 4004 sedes
1243 3964 1302 4002 suas
1314 3956 1362 4001 tra-

301 4040 364 4092 dere
379 4062 400 4090 ».

334 4134 396 4195 illl,
409 4134 423 4199 ᾖ
434 4134 473 4183 85.
491 4133 600 4184 Verbum
611 4136 685 4197 putas
693 4132 1007 4185 mihirideturabundare.
1017 4138 1073 4195 post
1087 4149 1098 4174 «
1107 4131 1242 4181 dicendum
1251 4129 1328 4193 igitur
1338 4148 1360 4178 r.

302 4252 333 4261 —
345 4222 463 4273 Omittam
475 4235 532 4272 eum
545 4222 663 4272 Ernestio
675 4222 742 4279 visis,
756 4227 812 4285 post
821 4221 993 4285 perterritam,
1007 4219 1074 4283 quod
1087 4225 1162 4269 nocet
1179 4216 1359 4281 perspicuitati.

301 4339 332 4347 -
344 4312 442 4361 Verba:
459 4322 618 4360 «mammam
637 4311 785 4373 adpetens»
809 4310 926 4359 videntur
944 4309 1068 4372 glossema
1082 4307 1207 4371 participii
1219 4306 1318 4356 tacteus.
1331 4334 1361 4343 -

301 4399 365 4462 tus.
378 4398 508 4449 Geminam
521 4397 724 4449 enunciationem
737 4397 799 4448 milri
811 4397 1013 4460 deprehendisse
1026 4396 1114 4447 videor
1124 4396 1150 4445 in
1162 4395 1263 4445 verbis:
1283 4383 1295 4437 1'
1306 4406 1362 4458 quae
