3325 5159
303 699 353 755 1-66
601 698 643 753 lla
658 709 778 753 resisus
792 697 813 765 l,
828 710 951 766 ιιιιι-ιιιιι,
962 698 1056 754 50-56.

299 838 404 900 gratiam
419 856 440 894 ι,
454 851 498 899 pro
511 837 578 900 vulg.
592 855 604 880 n
617 838 639 885 sl
651 850 700 884 uon
711 850 768 884 eum
780 836 826 897 ipsi
840 849 863 884 e.
877 850 915 898 gr.
927 856 947 883 ι.
960 863 991 871 -
1003 835 1086 883 Malim
1101 852 1107 883 z
1122 849 1192 898 «quio
1204 835 1265 897 qnid
1279 841 1363 896 potest

299 926 568 983 clairmannum»,
583 938 628 986 pro
642 924 707 987 vulg.
722 925 865 971 iruutum'ua.

331 1013 393 1073 xlx,
407 1013 470 1075 §bd
489 1013 532 1060 Vir
546 1012 596 1061 diei
609 1020 693 1073 polest
704 1025 864 1074 tpiietnqnam,
879 1020 906 1060 ul
919 1025 1045 1060 rumorem
1059 1012 1153 1060 bonum
1172 1011 1285 1073 colligat,
1302 1023 1363 1057 ern-

299 1101 421 1159 bescere3
435 1114 516 1163 raeque
528 1101 577 1163 ipsi
588 1100 704 1149 Ciceroni
717 1100 877 1149 attribuenda
890 1108 931 1149 est
942 1102 1067 1149 sententia
1083 1115 1089 1146 :
1111 1117 1123 1142 «ι
1138 1100 1218 1148 Pudet
1230 1099 1279 1146 ianr
1293 1097 1363 1159 loqui
1404 1154 1406 1159 ¹

297 1190 329 1238 de
342 1190 472 1250 pndicllita
485 1207 507 1245 u,
520 1189 637 1252 qnoniam
650 1189 735 1237 slatiin
748 1188 881 1251 subiungit
894 1204 899 1234 :
916 1211 923 1229 ·
939 1202 968 1237 ac
981 1201 1019 1236 me
1033 1189 1139 1237 istorum
1152 1187 1362 1249 pbilosophorum

299 1279 391 1339 pudet;
405 1279 489 1340 ltaque
502 1278 596 1339 malim,
607 1291 640 1326 ex
655 1278 712 1328 cod.
726 1279 756 1337 ll,
768 1291 826 1327 cnm
842 1277 948 1334 Halmio,
961 1277 1074 1325 scribere
1089 1292 1095 1324 t
1119 1298 1128 1319 «
1143 1276 1299 1325 erubescunt
1312 1275 1363 1323 im-

299 1369 387 1429 pudica
400 1368 476 1417 etlam
489 1367 556 1429 loqui
571 1388 581 1408 1·
594 1381 601 1426 ;
615 1368 715 1416 videtur
726 1368 793 1415 euim
806 1367 868 1416 illud
884 1388 892 1409 ι
907 1368 940 1416 de
953 1367 1072 1429 pudicitia
1088 1386 1097 1409 ι
1112 1374 1171 1415 nola
1191 1378 1248 1413 esse
1267 1366 1364 1427 margi-

299 1456 370 1505 nalis.
384 1456 496 1505 Subinde
509 1454 601 1513 locum,
615 1456 762 1518 mullisiam
782 1454 937 1516 conjecturis
958 1462 1090 1516 tentatum,
1110 1455 1148 1503 sic
1167 1454 1267 1502 restitui
1288 1464 1364 1515 posse

298 1546 407 1607 opinor:
429 1567 438 1587 ι
458 1558 487 1594 ac
507 1559 547 1594 me
567 1545 684 1593 itimt'rum
702 1546 808 1595 istorum
829 1542 1068 1611 [pbilosophorum]
1091 1545 1177 1606 pudet,
1198 1543 1242 1606 qni
1266 1542 1363 1590 nullum

299 1636 385 1684 tritium
398 1639 516 1692 constare,
531 1636 579 1684 nisi
591 1636 685 1685 indicio
697 1636 752 1697 ipso
764 1643 877 1684 notatum
892 1636 949 1699 (scu
960 1635 1107 1684 mulctatum
1116 1637 1133 1695 l,
1148 1640 1242 1695 putant.
1259 1632 1365 1692 Legitur

299 1726 323 1773 in
342 1726 492 1788 quibusdam
512 1725 587 1774 codd.
609 1739 663 1773 cac
683 1725 758 1773 iiinris
777 1725 883 1774 islornm
899 1746 917 1770 ι.
937 1750 967 1762 -
986 1725 997 1784 ξ
1017 1724 1056 1772 51.
1077 1722 1175 1779 Malim,
1194 1736 1251 1771 cum
1272 1720 1364 1777 Ballio,

300 1839 310 1857 u
325 1816 391 1877 quod
405 1816 472 1864 idem
488 1834 508 1868 ·‚
522 1829 567 1876 pro
580 1815 646 1876 vulg.
663 1816 750 1877 arpano
762 1814 821 1861 itera
832 1834 853 1859 r.
866 1840 895 1847 —
909 1813 923 1875 ᾗ
935 1813 973 1861 5⁸2.
988 1814 1079 1861 Verum
1100 1812 1163 1862 vidit
1179 1810 1302 1870 llalnrluS,
1321 1809 1364 1871 quii

298 1906 373 1968 legit:
388 1927 399 1948 «ι
411 1920 455 1967 pet·
466 1920 491 1952 rc
505 1918 577 1966 parra
591 1912 650 1953 siml
661 1925 681 1961 a,
696 1918 740 1964 pro
749 1903 815 1966 vulg.
832 1924 842 1945 ι
854 1915 975 1965 perparva
984 1909 1043 1952 sunt
1054 1923 1074 1950 ι,
1088 1901 1245 1962 conjiciebat
1254 1900 1363 1949 llakitts:

301 2016 310 2036 ·
326 1996 441 2057 perparvi
455 1995 517 2041 llnnl
530 2014 554 2057 ι..
568 2019 592 2029 ·-
610 1994 701 2055 begam
714 2006 772 2040 eum
786 1992 887 2041 barisin
901 2006 907 2038 ε
922 2012 932 2034 ι
948 2001 975 2040 nt
988 2005 1017 2040 ea
1031 1992 1086 2040 aliis
1098 1991 1146 2039 alia
1164 1997 1297 2038 nectantur
1311 2009 1333 2036 ι.

329 2082 380 2131 ΧΧ.
399 2083 483 2131 Facile
493 2082 587 2131 carebo
601 2082 685 2129 serbis
699 2096 704 2128 :
718 2099 731 2125 u
744 2081 775 2129 ad
789 2081 863 2129 istam
883 2081 1023 2130 orationem
1038 2100 1048 2121 »
1070 2093 1115 2128 sen
1137 2100 1146 2119 ι
1161 2092 1218 2127 eum
1237 2078 1285 2126 ista
1305 2090 1367 2126 ora-

299 2173 367 2221 tione
383 2194 403 2233 n,
417 2185 462 2220 seu
476 2192 486 2213 u
501 2172 567 2233 qnod
581 2171 653 2219 istam
667 2171 806 2219 orationem
822 2188 834 2212 a
845 2185 852 2229 ;
865 2184 920 2232 qnae
932 2169 1006 2218 codd.
1020 2169 1146 2218 dissensio
1158 2174 1245 2217 monet
1259 2180 1288 2216 ea
1302 2181 1365 2228 spu-

297 2262 334 2309 ria
346 2274 403 2311 esse
414 2275 420 2320 3
434 2260 529 2310 etenim
540 2260 606 2321 apud
618 2259 725 2308 Tullium
739 2259 844 2307 verbnm
856 2259 951 2322 prolabi
960 2259 1015 2307 sine
1023 2256 1365 2321 lrnjnsmodicomplemento

296 2350 441 2400 adhibetur.
454 2350 541 2398 -Vix
553 2349 644 2397 abesse
658 2356 741 2409 polest
753 2349 905 2411 gennadium
917 2349 984 2397 iuter
997 2348 1066 2396 cuius
1078 2354 1104 2397 et
1117 2361 1198 2405 cuneo,
1217 2347 1263 2396 sed
1277 2346 1364 2394 malim

296 2438 383 2503 legere
395 2439 545 2502 assequendi,
557 2452 607 2500 quo
619 2438 714 2487 Tullius
725 2439 780 2499 ipse
795 2438 883 2499 alitam,
897 2439 929 2488 de
944 2438 999 2485 Fla.
1014 2438 1041 2497 V,
1055 2439 1066 2499 ᾗ
1078 2439 1117 2506 llll,
1137 2450 1211 2499 qrtam
1229 2437 1362 2499 apiscendi,

298 2530 365 2591 quod
373 2528 452 2579 semel
462 2534 567 2586 larrium,
578 2534 643 2576 teste
651 2527 737 2589 Baldo,
745 2528 811 2588 apud
821 2534 934 2577 nostrum
943 2527 1077 2589 legitur·.—
1085 2525 1099 2589 ᾖ
1107 2525 1147 2574 53.
1157 2525 1366 2587 Fortasselegen·

298 2618 357 2666 dnm
371 2633 377 2664 z
392 2638 402 2658 ι
417 2617 443 2664 in
455 2616 575 2665 Graeciam
588 2616 749 2679 Athenasque
764 2616 876 2665 venisset
890 2628 919 2675 »3
936 2615 973 2664 sic
986 2628 1036 2663 non
1049 2628 1114 2675 opus
1126 2614 1221 2663 addere
1233 2627 1289 2681 cum
1305 2613 1364 2661 llal-

299 2708 350 2757 mio
362 2707 466 2764 ‹elissea-
479 2719 526 2755 nec
539 2706 601 2755 satis
608 2706 732 2755 concinne
740 2706 792 2754 dici
799 2705 906 2767 opinor:
922 2719 972 2754 «ex
984 2712 1090 2765 praetura
1098 2704 1123 2751 in
1131 2703 1252 2752 Graeciam
1259 2703 1332 2751 abire
1341 2721 1363 2750 n.

298 2827 329 2835 -
341 2800 452 2848 Getuinae
463 2798 649 2848 enunciationis
661 2798 796 2857 vestigium
809 2797 835 2844 b.
849 2797 865 2844 l.
880 2796 1019 2852 lrabemns3
1037 2796 1132 2845 etenim
1144 2796 1292 2844 alterutram
1305 2808 1367 2844 seu-

299 2888 403 2935 tentiam
415 2888 534 2936 omittere
546 2893 656 2948 oportet,
669 2900 701 2934 ne
713 2886 754 2935 bis
765 2886 833 2934 idem
846 2885 934 2947 {aalide
947 2885 1131 2942 dicatnoster;
1150 2898 1195 2933 sen
1208 2900 1215 2931 ε
1235 2905 1245 2926 α
1260 2885 1329 2946 quod
1342 2886 1365 2933 si

298 2983 385 3025 essent
396 2989 427 3024 eo
439 2976 524 3025 animo
537 2984 562 3024 ut
576 2975 673 3024 nollent
684 2981 784 3024 aetatem
797 2975 823 3022 in
837 2974 924 3023 litibns
935 2983 1079 3035 conterere,
1102 2986 1176 3035 posse
1195 2986 1250 3023 rem
1267 2987 1366 3023 eonve-

298 3064 354 3112 nire
369 3084 390 3124 »,
403 3076 448 3112 sen
463 3079 469 3111 ε
485 3063 531 3112 «si
544 3071 630 3125 posset
641 3064 709 3112 litter
720 3076 766 3112 eos
778 3063 874 3125 aliquid
887 3063 1024 3112 convenire
1035 3078 1062 3122 »3
1078 3075 1133 3124 qttae
1146 3062 1281 3123 posterior,
1295 3062 1366 3124 prins

298 3152 406 3202 a'l'nllio
417 3154 521 3215 scripta,
534 3154 655 3215 deinceps
666 3153 698 3200 ab
716 3167 747 3202 eo
767 3152 882 3216 neglecta
901 3152 957 3210 fnit,
978 3159 1111 3215 postquam
1129 3151 1277 3213 ampliorem
1296 3151 1365 3199 illam

299 3243 438 3292 effinxerat.
453 3271 481 3280 -
495 3245 507 3305 ξ
519 3244 558 3292 54.
571 3243 734 3305 Obsequutns
745 3251 784 3292 est
797 3243 910 3292 Halmius
924 3243 1000 3292 Baldo
1014 3243 1149 3305 legendum
1162 3255 1219 3291 esse
1232 3242 1363 3291 monenti:

301 3356 310 3376 ι
325 3348 404 3391 emam,
418 3333 484 3395 quod
498 3334 637 3383 secundum
649 3342 764 3382 naturam
776 3340 845 3382 esset
855 3354 877 3395 ι,
893 3347 937 3394 pro
949 3346 1080 3381 ornares.-·
1093 3333 1185 3394 begam
1198 3346 1255 3380 cum
1270 3332 1362 3381 Baldo:

300 3442 312 3466 ι
327 3423 405 3484 probe
417 3423 519 3485 qtrldem
531 3424 605 3471 seritis
620 3444 641 3481 ι,
654 3437 683 3471 ex
699 3423 849 3472 melioribus
861 3422 936 3471 codd.

331 3514 394 3561 lllll.
408 3512 519 3561 'Tullium
532 3514 666 3575 scripsisse
678 3514 814 3575 suspicor:
830 3534 839 3555 ι
854 3513 906 3573 llir,
923 3513 983 3570 Tite,
996 3512 1043 3561 l'uit
1061 3513 1102 3561 ille
1120 3513 1221 3575 qriidem
1241 3512 1363 3573 perideus,

299 3609 348 3649 ele.
361 3601 516 3660 »3nonnlbll
528 3600 659 3651 offendunt
670 3602 715 3649 iste
728 3600 807 3649 atille
821 3601 853 3649 de
866 3601 956 3649 eodem
970 3600 1032 3649 viro.
1047 3628 1074 3635 κ
1090 3601 1101 3661 ἓ
1113 3602 1151 3649 55.
1171 3600 1281 3648 Verbum
1299 3600 1363 3648 uides

299 3690 390 3739 abesse
404 3698 486 3751 potest
499 3697 555 3750 post
568 3711 578 3733 ι
593 3690 639 3750 Qui
651 3690 716 3739 istnc
729 3689 850 3739 tandem?
865 3710 873 3732 ι
894 3690 1005 3739 Debetur
1018 3690 1116 3739 ceddam
1137 3690 1294 3748 enarratori,
1313 3703 1363 3739 non

301 3787 384 3827 tamen
396 3779 523 3828 assentior
536 3779 761 3842 colloquiorum
775 3793 833 3829 esse
846 3786 935 3828 censet
948 3793 978 3828 ex
992 3780 1102 3830 lectione
1115 3800 1125 3820 «
1140 3780 1188 3828 boc
1201 3779 1274 3827 video
1285 3799 1305 3836 ι,
1319 3793 1365 3841 [ιιι]

304 3868 376 3917 ιΙιοο
387 3868 445 3917 dieo
459 3886 481 3915 n.
494 3896 524 3903 —
536 3868 654 3917 Ondttam
672 3872 743 3925 macl,
761 3868 828 3918 iuter
847 3870 975 3917 honestene
994 3877 1020 3917 et
1039 3868 1188 3930 anulumque,
1209 3875 1236 3916 ct
1254 3870 1365 3918 inseram

300 3969 351 4004 case
362 3957 428 4005 inter
440 3971 523 4005 ontues
535 3964 561 4006 et
571 3959 661 4020 plnuc;
673 3971 729 4020 unae
741 3957 857 4007 conlusio
868 3966 923 4007 orta
937 3965 976 4006 est
988 3971 1018 4006 ex
1028 3957 1122 4005 omisso
1131 3970 1176 4018 per
1183 3956 1365 4019 negligentiam

302 4046 380 4095 verbo
392 4061 451 4105 csse,
464 4048 531 4110 qttod
547 4055 632 4108 postea
644 4047 713 4096 inter
726 4061 813 4097 versus
826 4047 970 4096 restitutum
984 4047 1067 4095 alieno
1080 4046 1135 4096 loco
1148 4047 1272 4095 insertum
1285 4046 1367 4095 saltet

300 4144 423 4185 mutatum
436 4138 461 4185 in
470 4141 540 4186 esset.
551 4138 600 4199 -§
611 4139 649 4187 56.
664 4139 760 4200 Sequar
769 4137 895 4187 llarisinm
905 4145 929 4186 et
938 4138 1040 4186 llalrium
1050 4137 1197 4186 omittentes
1206 4136 1349 4185 membrum
1359 4152 1364 4183 :

302 4249 312 4269 α
327 4228 393 4289 quod
406 4227 473 4275 iulet·
486 4227 538 4276 llaec
552 4228 612 4277 velit
624 4228 717 4276 virtute
730 4236 858 4290 tamqnam
870 4227 926 4290 lege
941 4227 1025 4276 vivere
1040 4244 1061 4282 a,
1075 4227 1142 4289 quod
1155 4227 1259 4275 omniuo
1272 4239 1366 4288 snper·

300 4328 404 4364 vacuum
418 4315 525 4381 ridetur,
540 4324 596 4377 post
607 4329 636 4365 ea
649 4328 704 4379 quae
714 4316 765 4378 jam
777 4316 844 4365 dicta
858 4315 1052 4365 suntallalmins
1062 4322 1146 4363 antem
1160 4322 1237 4364 telam
1257 4321 1365 4364 seuten-

300 4404 360 4453 tiam
372 4404 487 4462 seclusit,
499 4416 513 4452 a
526 4404 612 4454 verbis
624 4420 633 4452 ι
647 4426 656 4449 ι
671 4405 721 4455 Sed
733 4413 804 4455 certe
818 4405 853 4454 ita
866 4416 908 4453 res
920 4418 948 4454 se
961 4404 1038 4454 habat
1051 4424 1061 4448 n
1067 4438 1124 4453 ......
1139 4404 1262 4467 usquead
1276 4410 1364 4452 «tam-

300 4506 375 4556 quam
387 4493 444 4557 lege
457 4493 544 4542 vivere
558 4512 580 4541 ».
