3325 5159
302 559 353 615 102
530 557 572 614 bs
591 570 775 615 nrvmarromt
794 558 815 628 1,
836 571 1017 630 xxxvrutnr,
1037 561 1131 617 78-97.

300 703 397 746 eranta
410 696 608 746 Lacedaemoniis
621 697 709 759 positae
722 704 779 758 post
791 697 905 745 navatem
918 696 984 746 iiiam
1004 697 1135 748 victoriam
1152 698 1287 761 Lysandri,
1305 699 1362 763 quir

299 786 387 834 Castor
398 791 424 833 et
436 785 521 834 Pollux
535 798 592 834 cum
607 785 854 835 Lacedaemoniorum
873 785 954 836 ciasse
974 786 1021 835 visi
1037 799 1095 836 esse
1111 787 1275 845 dicebantur,
1292 788 1363 851 panio

299 880 358 920 ante.
371 871 527 922 Leuctricam
541 886 650 936 pugnam
663 873 810 922 deciderunt
826 888 909 937 neque
922 883 1030 937 repertae
1042 883 1102 925 sunt
1116 896 1136 923 ».

332 960 437 1021 XXXVt‚
450 963 462 1023 5
474 963 512 1011 78.
532 962 585 1010 Nou
603 961 718 1011 dubitem
738 962 825 1020 edere,
846 976 877 1012 ex
897 963 1014 1013 Lambini
1034 965 1161 1014 sententia
1184 964 1363 1029 aliorumque:

301 1071 311 1090 «
328 1049 400 1098 Fiunt
412 1054 485 1099 certor
495 1049 678 1099 divinationum
691 1050 845 1100 coniectnrae
858 1063 871 1099 a
885 1051 974 1114 peritis
989 1071 1010 1113 »,
1026 1065 1071 1114 pro
1088 1051 1155 1116 vulg.
1174 1058 1259 1113 trcr‘te,¹
1277 1067 1362 1117 parurn

299 1136 367 1187 enim
380 1138 405 1185 in
418 1137 510 1187 tatibus
523 1137 607 1186 valent
618 1138 728 1188 codices.
743 1138 820 1189 Certe
832 1139 926 1202 legitur
936 1140 962 1188 in
974 1141 1017 1190 ed.
1027 1140 1095 1203 Lips
1107 1168 1139 1179 -
1149 1142 1162 1204 5
1173 1141 1213 1191 79.
1227 1141 1313 1192 Malim
1325 1142 1362 1193 ic-
1379 1122 1382 1127 ’

299 1241 376 1290 gere:
391 1248 401 1269 ι
416 1228 476 1277 nibii
489 1228 532 1277 iiio
544 1228 637 1277 ciarins
652 1249 673 1285 ι,
686 1228 779 1278 omissa
793 1243 855 1279 voce
864 1244 951 1293 puero,
965 1237 992 1280 ut
1004 1230 1035 1292 ii,
1048 1231 1112 1293 566.

331 1316 458 1377 xxxviii,
471 1317 534 1379 581,
552 1317 724 1367 omittendum
736 1327 825 1368 censet
837 1319 962 1369 cbristius
974 1321 1153 1384 vocenrporir,
1162 1328 1222 1371 ante
1230 1322 1363 1378 diverte,-

299 1408 339 1454 cui
364 1419 413 1455 non
436 1407 575 1455 assentitur
598 1408 625 1457 C.
651 1407 679 1455 F.
704 1407 744 1456 W.
770 1408 866 1458 Miller.
881 1408 914 1458 ob
937 1421 967 1457 ea
990 1421 1046 1473 quae
1068 1409 1133 1460 dixit
1154 1410 1318 1460 Aristoteles.
1336 1439 1361 1447 —

300 1494 363 1554 582.
377 1495 487 1544 Verbum
497 1510 649 1560 prenoscere
661 1505 808 1559 suspectum
822 1499 903 1547 visum
916 1505 955 1547 est
966 1498 1075 1553 tonino.
1088 1499 1132 1562 qui
1144 1499 1293 1563 requirebat
1302 1513 1363 1564 prc-

298 1582 444 1645 siqaificare,
456 1590 657 1647 proemoaatmrc,
670 1586 810 1648 predicere,
823 1593 867 1634 aut
879 1586 946 1635 aliud
959 1586 1085 1648 ejusmodi
1100 1586 1307 1649 significationis,
1323 1588 1363 1637 cui

299 1673 438 1722 assentitur
450 1673 581 1723 Cbristius.
602 1674 651 1723 Sed
667 1674 691 1722 b.
706 1675 722 1723 i.
737 1681 764 1723 et
775 1674 841 1724 iibro
855 1675 1088 1737 ii,55102et105‚
1106 1677 1251 1727 Stoicorum
1268 1678 1365 1728 'icilius

298 1762 426 1823 expressit
437 1770 595 1825 argumenta,
608 1764 633 1811 in
646 1763 739 1826 quibus
751 1762 825 1813 deest
843 1764 964 1814 transitus
982 1778 996 1813 a
1014 1767 1189 1827 praenoscendi
1206 1767 1314 1817 notione
1332 1768 1363 1817 ad

298 1850 520 1912 significationem.
534 1878 565 1886 —
578 1852 589 1913 5
601 1850 642 1901 83.
657 1851 749 1914 begam
762 1865 819 1901 cum
840 1851 981 1903 bambino:
1003 1874 1013 1896 ι
1027 1854 1081 1903 Non
1097 1853 1177 1917 igitur
1187 1860 1212 1903 ct
1223 1862 1285 1905 sunt
1301 1855 1330 1905 di
1343 1876 1363 1903 ».

298 1939 412 2000 contii,
426 1941 505 2002 5106.

329 2029 436 2089 XXXiX‚
448 2031 460 2091 5
473 2030 514 2079 8i.
532 2031 586 2080 Non
599 2030 655 2079 sine
668 2043 742 2079 causa
755 2031 921 2094 bettingerus
939 2032 1098 2081 membrum:
1120 2054 1130 2075 ι
1144 2032 1166 2082 si
1184 2032 1298 2097 denique
1317 2034 1364 2084 boc

298 2131 400 2180 semper
412 2119 445 2167 ita
459 2125 572 2181 putatum
585 2126 625 2167 est
640 2139 661 2180 »‚
675 2126 733 2181 post
745 2119 838 2168 verba:
854 2140 863 2161 ι
878 2120 922 2183 qui
934 2119 1010 2169 urbes
1027 2120 1196 2171 condiderunt
1210 2140 1232 2179 r,
1252 2121 1365 2172 transie-

298 2208 405 2257 rendum
418 2221 475 2258 esse
486 2208 600 2266 monuit3
612 2208 653 2255 cui
667 2207 758 2257 Baiter.
769 2208 796 2256 in
808 2209 850 2258 cd.
864 2208 932 2270 bips.
946 2208 1140 2271 obtemperavit.
1149 2209 1365 2261 -Gbristiusad

297 2297 359 2347 dere
374 2296 433 2347 velit
445 2297 575 2346 clarissimi
589 2302 645 2358 post
657 2309 748 2346 nomen
758 2301 846 2361 poetae,
860 2297 978 2360 quoniam
990 2298 1038 2346 alia
1050 2298 1153 2348 nomina
1164 2311 1239 2348 suum
1253 2300 1365 2363 adjecti·

299 2400 356 2435 vum
369 2386 478 2445 babent;
497 2386 616 2450 equidem
636 2386 751 2447 suspicor
770 2399 863 2436 nomen
879 2390 959 2450 poete
976 2387 1076 2436 cuidam
1095 2387 1200 2437 librario
1219 2388 1321 2438 deberi.
1334 2417 1366 2426 -

298 2477 361 2537 587.
374 2476 480 2526 Prorsus
498 2475 607 2525 alienam
625 2475 658 2525 ab
675 2476 723 2525 boc
742 2475 798 2526 ioco
816 2476 985 2526 sententiam:
1007 2476 1097 2537 «Quid
1117 2490 1178 2527 vero
1195 2478 1245 2528 boc
1264 2479 1365 2542 turpius

298 2577 373 2626 qnam
384 2565 452 2627 quod
463 2565 532 2615 idem
544 2564 638 2613 nuliam
650 2573 739 2614 censet
750 2565 886 2628 gratuitam
898 2577 956 2615 csse
968 2565 1088 2615 uirtutem
1099 2585 1109 2608 »
1122 2566 1216 2617 merito
1227 2565 1365 2618 delendam

298 2665 355 2703 esse
367 2656 485 2716 opinatur
497 2654 631 2717 Kayserus,
645 2654 670 2702 iu
683 2654 724 2703 ed.
739 2653 807 2715 Lips.

328 2741 380 2798 XL,
393 2741 407 2805 5
418 2743 458 2791 88.
476 2741 531 2803 Qui,
550 2748 610 2790 ante
629 2741 721 2799 erlbac,
742 2739 879 2790 delendum
899 2753 956 2790 esse
974 2740 1115 2805 Madvigius
1133 2742 1240 2793 monuit.
1260 2743 1364 2793 center.

298 2844 353 2893 quae
365 2831 475 2881 diximus
487 2831 498 2892 5
510 2831 551 2880 72.
564 2859 594 2867 -
607 2832 619 2893 5
630 2830 669 2880 88.
684 2830 809 2880 Cbristius
820 2831 917 2881 edidit:
933 2852 943 2874 «
958 2831 999 2880 Sic
1012 2831 1127 2881 divinare
1144 2831 1229 2894 regaie
1248 2832 1366 2882 duceba-

297 2926 349 2967 tur.
362 2920 454 2979 Testis,
463 2926 533 2969 etc.»
547 2926 575 2968 ut
587 2920 688 2970 volebat
700 2924 825 2978 auratus;
839 2920 942 2971 codices
953 2920 1064 2970 habent:
1079 2921 1227 2972 «ducebant
1237 2925 1268 2971 ut
1279 2924 1364 2984 testis,

298 3017 347 3059 etc.
362 3029 382 3057 ι.
398 3009 512 3060 Baiterus
524 3024 581 3060 cum
594 3010 754 3073 Hottingero,
770 3032 779 3052 «
794 3010 935 3060 ducebant:
951 3010 1034 3067 testis,
1047 3017 1097 3060 etc.
1114 3011 1163 3059 »in
1175 3011 1299 3074 edbips.

329 3100 391 3160 ΧΗ,
405 3099 417 3161 5
428 3098 468 3148 92.
486 3099 592 3163 Legitur
603 3099 628 3148 in
642 3099 718 3149 codd.
731 3100 802 3149 «Seu
815 3100 923 3162 singuiis
935 3099 1043 3149 Etruriae
1055 3099 1184 3162 populis»,
1199 3101 1267 3150 unde
1280 3102 1366 3152 varias

298 3188 449 3238 effinxerunt
461 3189 621 3252 conjecturas
633 3189 724 3245 critici,
737 3202 793 3251 quae
805 3201 893 3251 parum
905 3188 1110 3248 satisfaciebant3
1123 3189 1248 3239 Christins
1260 3191 1344 3242 edidit
1356 3207 1370 3240 ε.

300 3299 310 3319 ι
324 3278 346 3326 X
358 3291 388 3327 ex
400 3278 508 3340 siugulis
521 3278 576 3327 Etr.
591 3291 649 3339 pop.
664 3296 686 3335 r,
699 3278 767 3341 quod
779 3278 920 3342 legitimum
934 3279 1034 3329 videtur
1046 3287 1072 3328 et
1084 3293 1141 3328 cum
1154 3279 1247 3330 Valerii
1262 3280 1328 3330 Har.
1343 3282 1364 3343 Ι,

300 3368 322 3416 1.
338 3368 359 3414 t.
374 3366 520 3417 testimonio
531 3368 662 3416 convenit.
676 3368 768 3417 Baiter.
783 3368 809 3416 in
821 3369 862 3417 ed.
876 3368 945 3431 Lips.
960 3389 970 3411 «
985 3368 1125 3432 Xsinguiis
1136 3368 1191 3418 Etr.
1205 3382 1265 3432 pop.
1279 3389 1301 3417 r.

329 3455 403 3512 XLii,
416 3456 430 3520 5
441 3454 481 3504 93.
499 3455 613 3504 Jortinus
625 3456 743 3519 legebat:
756 3457 810 3506 ode
822 3457 887 3507 coeio
899 3458 965 3518 apud
978 3469 1024 3506 eos
1036 3456 1112 3506 muita
1120 3456 1285 3518 feriebantur,
1296 3473 1364 3522 »pro

300 3542 367 3605 vuig.
379 3542 468 3603 fiebant
479 3561 486 3597 ,·
499 3541 607 3592 sortasse
618 3543 714 3592 Tullius
726 3544 864 3606 scripserat
874 3544 1021 3604 iciebcntar,
1034 3546 1102 3594 unde
1118 3551 1174 3594 nata
1192 3545 1316 3597 coniusio.
1331 3574 1364 3584 --

298 3632 447 3682 Lambinum
460 3639 563 3681 secutus
572 3633 702 3695 predicunt
713 3633 838 3684 Cirristius
850 3634 968 3694 admisit3
983 3635 1097 3684 Baiterus
1109 3646 1170 3683 vero
1186 3635 1213 3684 in
1231 3637 1274 3686 ed.
1291 3636 1362 3700 Lips.

298 3721 389 3771 scribit
397 3721 544 3785 predicunt,
558 3729 585 3770 nt
594 3722 695 3784 proedicr'
706 3723 725 3770 N
730 3722 766 3771 .b.
783 3722 811 3779 ΙΙ,
823 3724 847 3771 7.
861 3723 986 3786 Equidem
998 3724 1105 3773 Tullium
1123 3724 1258 3786 scripsisse
1273 3726 1364 3789 prodi·

299 3815 366 3873 pant,
378 3810 474 3874 prodigi
486 3810 650 3861 verisimilius
662 3811 760 3873 opinor.

328 3901 413 3962 Xtttt,
427 3901 490 3962 595.
508 3900 588 3949 Verba
601 3919 614 3945 a
627 3907 654 3950 et
666 3900 803 3950 discrimen
818 3920 830 3945 r
844 3901 938 3951 omittit
951 3901 1009 3951 cod.
1022 3901 1130 3951 Vindob.
1145 3900 1258 3952 Klotzias
1269 3916 1300 3953 ea
1317 3916 1364 3954 se·

297 3991 388 4051 ciusit;
401 3991 509 4041 tortasse
523 3992 675 4055 tegendum:
688 4010 701 4035 a
715 3995 758 4042 cat
769 3992 906 4041 discrimen
921 4010 942 4049 v,
957 3998 983 4041 ut
995 3998 1123 4041 certamen
1136 3992 1167 4041 ad
1184 3990 1291 4050 beilum,
1308 3993 1363 4043 dis·

297 4080 393 4130 crimen
405 4082 437 4130 ad
451 4094 539 4143 pacem
552 4082 685 4131 reseratur.
704 4107 729 4115 —
742 4081 849 4131 Codices
861 4082 923 4130 dant
934 4080 1053 4143 auspicia,
1067 4088 1125 4143 post
1137 4080 1242 4131 verbum
1261 4080 1362 4140 ivobem,

297 4169 365 4232 quod
384 4169 416 4218 ab
436 4170 577 4219 editoribus
597 4170 719 4220 omissum
739 4169 795 4231 iuit,
815 4151 887 4231 quasi
909 4169 1035 4232 glossema
1056 4168 1176 4232 adjectivi
1199 4173 1311 4218 amena.
1331 4196 1364 4206 -

297 4259 360 4321 597.
380 4258 479 4307 bavisio
497 4260 610 4309 editores
629 4258 764 4322 obsequuti
783 4265 843 4308 sunt
863 4256 1062 4307 transferendam
1082 4271 1139 4308 esse
1158 4257 1282 4318 mouenti,
1303 4266 1363 4320 post

298 4346 390 4397 verba:
403 4364 415 4391 u
429 4346 461 4398 ad
473 4346 553 4396 libros
572 4347 609 4397 ire
628 4346 711 4406 iussit,
726 4366 739 4393 »
755 4345 924 4396 sententiam:
946 4346 1072 4409 «quantis
1091 4346 1118 4395 in
1137 4345 1215 4396 rebus
1232 4358 1362 4410 quamque
