3325 5159
298 542 316 599 6
463 543 697 599 Acunuurconux
710 552 843 598 rarorum
857 540 893 610 ll,
908 552 1085 609 xxvi-xxxa,
1100 537 1209 597 81-102.

297 654 364 704 inter
383 665 459 704 voces
477 653 645 704 communibus
663 660 690 704 et
706 653 772 703 loeis.
791 681 820 688 -
839 653 950 702 Verbum
966 653 1076 703 uidemus
1091 653 1182 704 abesse
1203 661 1288 715 potest
1305 661 1363 716 post

299 764 310 786 «
324 756 399 806 quam
411 743 487 806 longe
501 757 530 800 ·;
549 755 607 791 nam
624 743 649 791 in
668 742 817 792 adverbium
830 742 899 791 cadit
911 742 981 791 vocis
995 742 1136 791 contentio.
1148 769 1178 778 -
1191 742 1202 804 5
1213 743 1253 792 8l.
1267 743 1361 805 Legum

296 844 354 879 cum
366 830 460 881 Orellio
474 846 480 878 ε
496 852 506 875 ‹
520 843 594 893 quam
607 830 698 880 mullos
710 830 767 879 illos
781 845 808 888 »ς
823 830 934 879 Halmius
946 831 1047 879 maluit:
1063 843 1158 893 «quam
1171 831 1228 880 illos
1241 831 1344 893 pisces»
1355 847 1362 890 ;

299 921 344 970 sed
358 933 405 969 vox
416 920 493 983 pisces
504 918 613 967 debetur
632 918 717 981 polius
736 918 880 980 interpreti.
894 946 925 953 --
937 919 1015 968 Recte
1034 919 1097 982 legit
1108 920 1230 978 Halmius,
1243 928 1363 971 monente

298 1008 424 1058 Cbristio:
440 1030 449 1050 ι
465 1012 496 1058 At
507 1008 615 1070 amplius
628 1021 677 1057 nou
693 1008 840 1057 desiderant
854 1027 877 1067 ι,
890 1016 977 1059 contra
990 1009 1093 1058 codices
1105 1010 1148 1071 qui
1162 1010 1257 1059 babent
1269 1010 1362 1059 ‹leude-

299 1110 394 1146 ramus.
1305 1102 1306 1105 ’

331 1184 415 1245 XXVl,
430 1184 575 1247 582llodd.
585 1183 696 1233 babent:
713 1184 774 1247 «qui
786 1197 818 1234 ne
831 1198 898 1233 nrrnc
906 1186 1009 1248 quidem
1017 1200 1043 1245 ·=;
1054 1186 1167 1235 Halmius
1179 1186 1293 1249 scripsit:
1303 1187 1364 1250 quia

300 1285 332 1322 ne
345 1273 372 1335 (i.
381 1285 405 1322 e.
413 1273 472 1335 quin
482 1285 513 1321 ne
522 1285 588 1321 arrnc
597 1273 699 1336 quidem
711 1285 803 1322 sensus
815 1273 918 1322 mentiri
931 1274 1021 1335 putat).
1030 1274 1129 1338 Madvig
1136 1274 1211 1336 (Add.
1221 1288 1244 1336 p.
1253 1274 1310 1336 sat)
1321 1274 1363 1324 Da-

301 1360 392 1411 visium
411 1361 527 1424 sequitur
544 1361 691 1424 legentem:
715 1384 724 1404 ι
745 1361 828 1421 Quid?
848 1376 878 1411 ne
892 1376 958 1412 nrrnc
970 1364 1072 1427 quidem
1085 1363 1150 1425 (scil.
1164 1364 1266 1413 mentiri
1277 1364 1365 1414 oculos

301 1456 374 1511 putas
384 1450 416 1513 a).
430 1451 579 1510 Adsentiom
594 1458 619 1500 at
637 1452 754 1513 suspicor
771 1451 819 1500 boc
837 1452 943 1501 incisum
961 1452 1044 1501 alieno
1057 1452 1113 1502 loco
1126 1452 1235 1515 positum
1248 1450 1327 1502 luisse
1339 1458 1366 1501 et

301 1539 504 1590 transferendum
516 1552 574 1589 esse
587 1546 644 1601 post
653 1552 692 1587 vv.
708 1561 718 1582 ι
732 1540 785 1589 Non
799 1541 906 1589 multum
917 1541 1073 1590 mentiantur
1082 1562 1104 1600 »,
1118 1542 1162 1589 ubi
1174 1543 1240 1591 bene
1249 1541 1365 1605 jungitur

301 1643 358 1678 cum
372 1630 403 1678 iis
414 1642 470 1692 quae
481 1628 667 1690 subjiciuntur:
683 1650 692 1671 «
707 1629 754 1679 Ubi
766 1629 844 1691 igitur
856 1629 917 1679 illud
935 1638 974 1680 est
986 1630 1082 1679 semel?
1096 1632 1246 1681 »Sententia
1261 1647 1267 1679 ι
1283 1653 1292 1674 ι
1307 1645 1364 1681 cum

301 1717 343 1766 ille.
358 1717 426 1767 sol...
444 1718 559 1767 videatur
574 1740 583 1759 ι
603 1718 675 1767 facile
692 1718 854 1767 connectitur
866 1731 922 1767 cum
935 1719 1067 1779 superiore
1082 1735 1088 1767 ι
1109 1741 1118 1761 ιι
1133 1719 1182 1769 Sed
1195 1720 1227 1768 ab
1241 1720 1289 1769 boc
1305 1732 1366 1769 cre-

301 1806 391 1856 dulo...
403 1805 564 1855 discedamus
579 1827 598 1853 ».
610 1806 656 1867 —5
668 1806 708 1855 83.
717 1806 777 1867 Quis
789 1805 890 1855 dubitet
901 1807 1030 1869 egregiam
1043 1807 1154 1856 Darandi
1162 1807 1363 1857 correctionem:

305 1919 314 1936 ι
328 1907 403 1956 quam
415 1894 440 1942 in
453 1906 532 1956 parvo
545 1893 576 1941 lis
587 1894 621 1943 sit
635 1914 646 1935 n
659 1894 811 1944 admittere?

332 1982 434 2042 XXVH,
454 1981 481 2046 55
499 1982 583 2031 86-87.
601 1983 655 2031 lam
675 1983 791 2033 Davisius
816 1984 1000 2047 Ernestiusque
1022 1985 1137 2034 viderant
1157 1984 1286 2048 jungenda
1308 1999 1366 2036 esse

303 2071 395 2120 verba:
415 2071 482 2120 ‹lam
494 2071 535 2120 illa
548 2072 684 2133 praeclara·
702 2086 761 2122 cum
773 2074 903 2123 membro:
919 2093 929 2116 «
943 2073 993 2122 Gur
1004 2087 1054 2123 non
1066 2074 1231 2124 extimescam
1247 2073 1368 2135 opinandi

303 2163 508 2224 temeritatem»,
528 2163 695 2226 intelligendo
714 2164 775 2212 adeo
792 2171 851 2212 ante
869 2164 1005 2227 practura.
1019 2164 1053 2214 ita
1066 2171 1093 2214 ut
1104 2179 1149 2213 car
1161 2165 1242 2215 valeat
1262 2186 1270 2206 r
1290 2165 1321 2213 ad
1341 2165 1367 2215 id

303 2259 349 2301 ut»
362 2266 407 2301 seu
423 2259 548 2314 «propter
559 2266 638 2315 quae.·
653 2252 679 2301 Si
691 2265 839 2313 ponascum
853 2252 1033 2312 Hiilsemanno‚
1042 2266 1119 2316 quem
1130 2259 1301 2315 sequutusest
1312 2250 1368 2301 Hal·

304 2340 379 2396 mins,
392 2340 493 2403 signum
504 2340 645 2389 admirandi
663 2346 720 2401 post
733 2353 787 2389 voc.
801 2345 891 2389 natura
904 2347 929 2389 et
940 2340 1114 2404 interrogandi
1127 2347 1183 2403 post
1194 2341 1366 2405 temeritatem,

303 2429 439 2492 legendum
452 2432 487 2477 est
503 2442 548 2491 pro
559 2434 639 2486 eaaet;
652 2442 699 2479 uec
717 2437 799 2479 tamen
817 2429 892 2480 facile
904 2430 971 2480 inter
982 2444 1010 2480 se
1026 2437 1213 2480 connectuntur
1224 2433 1366 2481 sententiae.

304 2515 359 2579 ligo
371 2529 431 2567 vero
443 2517 527 2566 malim
543 2518 686 2579 intelligere
703 2516 799 2578 faciunt
814 2525 840 2567 et
859 2526 916 2580 post
934 2533 979 2567 cur
990 2519 1108 2568 omittere
1120 2521 1282 2582 negationem
1293 2532 1367 2582 quam

304 2605 399 2656 addere
416 2618 522 2656 necesse
539 2606 602 2664 luit,
623 2611 755 2668 postquam
773 2606 915 2655 sententias
927 2606 1116 2669 disjunxerant,
1130 2607 1369 2671 interrogationem-

305 2707 354 2758 que
366 2695 521 2744 admiserant
533 2694 566 2744 ob
579 2694 729 2743 vocabulum
742 2694 966 2756 temeritatem-5
977 2695 1017 2744 88.
1032 2695 1179 2758 Legendum
1192 2708 1250 2746 esse
1261 2696 1367 2759 opinor:

307 2806 317 2826 ι
331 2784 403 2846 quasi
415 2784 548 2846 quisquam
560 2789 647 2846 neget,
662 2782 743 2844 etqui
756 2788 924 2844 experrectus
936 2782 970 2831 sit
982 2787 1034 2832 tum
1047 2785 1175 2833 somniare
1190 2804 1211 2840 »,
1232 2798 1278 2846 pro
1298 2784 1366 2847 vulg.

307 2886 364 2921 eum
376 2872 429 2929 ubi,
446 2872 472 2920 ni
485 2871 565 2927 fallor,
585 2871 723 2934 requiritur
733 2884 775 2925 se:
792 2870 830 2920 sic
842 2870 910 2920 idem
924 2872 1074 2934 exprimitur
1091 2873 1160 2935 quod
1179 2873 1279 2923 volebat
1291 2873 1368 2922 Lam-

307 2960 383 3010 binus
395 2960 504 3023 legeudo
515 2960 663 3021 somniasse,
675 2960 771 3009 etenim
784 2958 1093 3022 babemusimperiectum
1101 2959 1234 3019 infinitivi:
1245 2960 1370 3010 somniare

306 3057 442 3113 usurpatur
452 3050 580 3112 absolute,
593 3048 661 3100 coni.
674 3050 686 3111 5
697 3050 737 3098 51.
750 3049 864 3098 Halmius
880 3056 978 3109 censet,
991 3049 1118 3112 quoddam
1130 3049 1237 3099 verbum
1248 3050 1370 3100 omissum

305 3154 363 3191 esse
376 3148 434 3203 post
444 3140 550 3200 somata,
558 3140 632 3202 quale
639 3139 781 3202 reprobare,
790 3139 858 3187 unde
866 3146 921 3187 orla
933 3139 967 3188 sit
973 3138 1049 3189 lectio
1056 3139 1286 3197 somniare-locum
1294 3139 1369 3189 obelo

308 3230 426 3294 signavit.
1249 3256 1254 3264 ·

338 3318 424 3378 ΧΧΙΧ,
442 3319 454 3379 5
468 3317 509 3367 92
522 3317 567 3366 Vix
579 3316 672 3365 abesse
684 3321 768 3378 potest
779 3314 851 3378 qaod,
864 3326 909 3363 seu
929 3321 988 3364 ante
1008 3329 1053 3365 seu
1067 3322 1125 3377 post
1140 3320 1242 3366 certum.
1259 3315 1369 3366 Cbristio

307 3414 426 3469 auctore,
451 3406 563 3456 Halmius
585 3406 689 3455 inclusit
714 3418 764 3453 aaa
781 3412 842 3454 ante
858 3403 997 3461 babemus,·
1023 3405 1085 3454 mibi
1108 3419 1213 3469 prorsus
1232 3406 1370 3456 delendum

310 3497 419 3547 videtur.
433 3523 463 3531 -
475 3496 487 3557 5
501 3496 543 3545 94.
566 3494 687 3545 Codicum
711 3494 850 3543 lectionem
869 3494 979 3543 serravit
997 3493 1111 3544 Halmius
1128 3494 1239 3557 legendo
1256 3496 1371 3559 superbe,

308 3585 395 3636 addito
407 3584 486 3635 uerbo
498 3583 575 3645 [actm
587 3583 706 3647 equidem
719 3582 804 3631 malim
815 3582 963 3645 superbum,-
974 3582 1012 3633 sic
1024 3583 1087 3633 nibil
1102 3597 1166 3647 opus
1178 3584 1312 3648 quicquam
1324 3586 1373 3635 ad·

309 3675 380 3726 dere.
393 3701 423 3709 -
436 3673 549 3723 Halmius
567 3672 672 3722 scribit:
686 3672 830 3735 «augentis
849 3684 896 3721 nec
913 3670 1082 3730 minuentis»,
1102 3679 1128 3721 et
1144 3679 1231 3723 mouet
1250 3673 1373 3722 termina-

311 3765 406 3814 tionem
417 3775 470 3813 acc.
484 3761 549 3826 plur.
569 3762 629 3810 inis
646 3760 766 3810 librarios
783 3760 809 3808 in
821 3772 936 3810 errorem
948 3759 1087 3809 induxisse.
1101 3760 1169 3809 idem
1186 3760 1286 3811 accidet
1302 3768 1372 3811 certe

311 3852 427 3915 plurimis
437 3850 588 3907 lectoribus,
602 3862 649 3899 nec
662 3848 767 3898 multum
780 3846 912 3911 proficitur
924 3847 970 3896 bac
982 3847 1127 3897 sedulitate.

340 3941 415 4002 XXX,
428 3942 440 4004 5
455 3941 495 3992 98.
512 3940 632 3990 omittam
644 3950 701 3987 cum
714 3937 832 3986 [iurando
844 3936 962 3993 iudicabo,
972 3942 1029 3998 post
1043 3948 1094 3985 une
1106 3935 1168 3986 illud
1179 3936 1312 3999 quidem».
1327 3936 1373 3985 Re-

311 4031 425 4096 ligiosior
436 4030 484 4082 fuit
495 4031 616 4082 Halmius.

341 4120 428 4179 XXXl,
440 4120 452 4182 5
464 4121 518 4171 tuo.
536 4120 632 4169 bddam
644 4131 703 4167 cum
711 4116 866 4166 Lambinoei
877 4116 944 4166 inter
953 4116 1080 4179 probabile
1091 4124 1117 4167 et
1127 4117 1247 4167 uideatur.

341 4209 438 4267 xxxii,
456 4209 467 4271 5
484 4208 539 4259 ἰοὶ.
561 4209 670 4273 Madvig.
684 4208 809 4272 (Addend.
828 4219 853 4266 p.
865 4206 922 4265 854)
935 4211 1022 4255 monet
1033 4206 1174 4256 orationem
1186 4205 1223 4255 sic
1242 4204 1374 4265 interpun-

312 4299 422 4363 gendam
440 4311 498 4350 esse
512 4313 519 4349 z
538 4316 551 4343 r
568 4305 638 4350 certe
657 4298 740 4352 levior
757 4297 925 4362 reprehensio
937 4304 985 4354 cst,
997 4295 1065 4359 quod
1078 4290 1185 4363 [umen]
1197 4293 1305 4344 dicimus
1316 4303 1374 4341 esse
