3325 5159
511 555 553 612 Du
568 568 686 612 vinicus
700 568 838 611 oouonun
855 556 877 623 Ι,
893 569 942 624 vn,
961 557 1054 613 ΙΙΙ-ΙΙ.
1283 559 1317 614 l5

252 692 295 741 tali
310 692 405 755 agendi
421 692 520 741 ratione
539 700 623 754 parles
635 692 710 741 nullae
722 692 794 742 finnt.
812 692 906 756 Legem
919 706 977 742 cum
990 693 1103 745 Davisio:
1114 713 1125 737 ι
1137 696 1316 758 propemodum

254 788 323 830 totus
339 788 379 829 est
402 781 501 830 alienus
511 795 538 840 »3
554 782 623 844 quod
639 782 805 831 conlirmatur
817 782 850 830 iis
861 794 917 844 quae
929 781 1108 844 subjiciuntur.
1120 811 1151 818 —
1163 783 1247 832 Malim
1259 797 1316 833 cum

251 870 343 919 Ursino
356 870 442 933 legere
454 872 573 931 citimum,
587 872 655 934 qnod
668 885 758 933 ponam
772 872 797 920 in
811 872 866 921 loco
880 885 935 921 voc.
950 872 1111 921 ultimum-
1123 871 1136 934 ἓ
1150 872 1186 921 Ι9.
1199 872 1317 922 Οιιιίιιιιιιι

250 956 398 1017 particulam
409 957 501 1021 itaquo,
514 971 588 1021 quam
600 965 744 1021 suspectam
758 958 853 1008 liabent
870 959 984 1022 plerique
996 960 1123 1020 editores,
1136 967 1160 1009 et
1173 960 1263 1009 addam
1282 963 1317 1008 ol·

250 1058 308 1108 que.
328 1053 386 1094 ante
408 1047 513 1095 verbum
532 1047 670 1096 declinare:
690 1052 771 1112 utque,
792 1049 875 1112 itaquo
895 1061 1082 1110 nonnumquam
1096 1056 1317 1110 permutantur.—

251 1133 357 1182 Multnm
373 1132 494 1183 differunt
510 1136 585 1185 codd.
604 1135 631 1183 in
654 1136 764 1185 lectione
780 1136 914 1185 sententiae
933 1149 1008 1198 qnam
1021 1137 1057 1184 sic
1071 1136 1193 1185 exhibent
1204 1136 1317 1185 editores

249 1223 404 1285 nuperrimi:
418 1242 430 1267 ι
445 1225 504 1283 Qnae
522 1238 581 1273 cum
600 1238 641 1274 ves
660 1232 711 1275 tota
730 1225 786 1275 licta
804 1225 838 1274 sit
856 1225 997 1287 pueriliter,
1013 1232 1064 1273 lum
1077 1238 1109 1274 ue
1122 1224 1201 1274 efficit
1213 1225 1316 1287 quidem

237 1313 318 1377 'qnod
339 1314 422 1363 vult».
435 1314 496 1362 Mihi
513 1328 573 1364 vero
591 1315 629 1363 sic
647 1315 737 1378 retingi
756 1328 831 1377 posse
844 1315 970 1364 sententia
985 1315 1100 1364 videtur:
1114 1335 1123 1356 ι
1138 1315 1198 1374 Quae
1212 1328 1254 1363 res
1267 1322 1317 1363 tota

250 1410 305 1452 tum
327 1401 385 1452 licta
402 1410 442 1453 est
451 1404 592 1465 pueriliter,
613 1410 665 1453 tum
684 1416 716 1452 ne
735 1403 814 1452 efficit
833 1404 936 1466 quidem
956 1404 1023 1467 quod
1044 1403 1097 1452 vult
1111 1421 1132 1451 n.
1151 1431 1180 1438 -
1193 1404 1219 1454 Si
1232 1403 1318 1466 legas:

251 1512 263 1536 ι
281 1506 331 1554 qno
358 1494 420 1542 nilnl
446 1494 544 1556 turpius
569 1494 672 1557 physico
686 1514 708 1551 υ,
720 1494 781 1558 quid
806 1495 911 1555 prodest
935 1495 1046 1545 addere:
1060 1508 1156 1557 «qnam
1185 1495 1241 1544 lieri
1263 1495 1318 1543 sine

249 1594 325 1631 cansa
338 1583 472 1646 quicquam
484 1584 570 1633 dicere
583 1582 611 1629 a?
622 1597 678 1647 quae
691 1583 761 1632 notio
771 1582 822 1644 jam
839 1584 906 1633 inest
918 1583 943 1632 in
960 1597 1032 1645 pron.
1051 1597 1109 1646 quo,
1122 1591 1150 1633 ut
1159 1583 1211 1645 jam
1223 1585 1320 1634 monuit

256 1673 403 1722 Lambinus.
421 1674 475 1723 Non
491 1673 542 1735 apti
561 1679 620 1722 sunt
637 1673 686 1723 loci
702 1686 767 1735 quos
783 1672 881 1736 colligit
899 1673 1008 1736 Madvig.
1025 1674 1080 1722 scil.
1095 1673 1103 1721 Ι
1116 1674 1169 1722 Mat.
1189 1674 1218 1722 n.
1235 1674 1275 1733 38,
1287 1674 1320 1724 de

251 1763 321 1812 Orat.
339 1764 357 1820 Ι,
372 1763 426 1826 169,
447 1763 477 1822 ΙΙ,
489 1763 521 1813 38
538 1769 564 1812 et
582 1763 638 1824 302,
652 1764 728 1813 dead.
755 1763 774 1823 Ι,
794 1764 835 1824 45,
856 1764 925 1813 llerr.
948 1764 986 1821 ΙΙΙ,
999 1765 1039 1825 77,
1057 1763 1138 1826 Epist.
1158 1764 1189 1813 ad
1209 1766 1261 1813 itt.
1281 1764 1321 1826 lv,

253 1855 269 1903 8
289 1855 316 1910 B,
335 1853 393 1916 quia
412 1853 438 1902 in
456 1853 496 1902 his
514 1852 578 1902 locis
595 1852 713 1903 omnibus
732 1853 839 1915 requirit
858 1853 939 1903 lector
956 1853 1044 1902 utsibi
1057 1853 1156 1903 dicatur
1167 1853 1227 1916 quid
1240 1853 1321 1903 valeat

252 1954 392 2003 pronomen
412 1941 457 1989 lroc
467 1953 513 1990 sen
528 1940 601 2004 quod,
614 1947 672 1990 ante
691 1940 891 2003 comparativum
904 1940 1024 2003 positum,
1037 1947 1065 1989 ut
1081 1940 1232 1989 sententiam
1245 1940 1320 1990 intel·

252 2028 333 2090 ligere
349 2027 446 2091 possit3
463 2027 589 2077 innostro
602 2027 658 2078 loco
676 2033 770 2088 antem,
784 2041 861 2090 quum
883 2028 1008 2089 procedat
1019 2028 1104 2078 statim
1117 2045 1129 2072 ι
1142 2028 1199 2077 siue
1210 2040 1285 2077 cansa
1296 2046 1319 2090 s,

253 2117 316 2165 ninii
335 2130 399 2179 opus
416 2116 441 2166 id
461 2115 564 2165 iterare.
581 2143 611 2152 υ
629 2116 748 2167 Delendae
766 2124 825 2166 sunt
846 2130 922 2167 voces
941 2117 1022 2166 «sine
1034 2130 1108 2166 causa
1122 2137 1133 2160 ν
1145 2124 1204 2166 ante
1216 2117 1322 2167 verbum

252 2206 352 2269 eripuit,
361 2206 454 2269 quibus
470 2205 622 2255 contradicit
642 2206 838 2269 sententiaque
852 2206 972 2267 deinceps
984 2206 1087 2268 legitur.
1100 2233 1130 2240 -·
1142 2205 1156 2269 §
1167 2206 1205 2256 Ml.
1220 2205 1321 2269 Legen-

253 2299 313 2347 dum
325 2311 384 2347 cnm
400 2297 518 2348 Davisio:
532 2315 544 2339 ι
557 2296 601 2348 Sin
618 2298 673 2347 alive
692 2297 866 2358 declinabunt,
884 2297 939 2346 alive
957 2311 1005 2348 suo
1021 2305 1094 2357 nutu,
1114 2305 1166 2346 etc.
1182 2318 1202 2356 n,
1221 2297 1322 2347 etiamsi

252 2387 414 2437 consentiant
431 2386 534 2437 codices
552 2387 577 2435 in
595 2386 705 2437 lectione
726 2387 775 2436 siue
785 2406 793 2442 ;
805 2387 901 2436 etenim
920 2387 1012 2436 latetur
1031 2386 1181 2449 Madvigius
1201 2388 1244 2449 qni
1260 2387 1322 2436 nihil

251 2482 340 2537 mutat,
356 2496 365 2517 ι
384 2476 527 2538 exemplum
541 2475 656 2539 ejusdem
669 2477 773 2539 generis
784 2489 832 2525 nec
845 2477 911 2540 apud
924 2476 1084 2537 Ciceronem,
1097 2490 1144 2526 uec
1157 2477 1224 2538 atiud
1236 2490 1323 2540 quem·

252 2577 327 2627 quam
344 2564 420 2613 alium
438 2576 520 2627 prosse
537 2564 660 2615 orationis
678 2566 829 2627 scriptorem
842 2565 973 2614 inventum
986 2578 1054 2626 esse,
1072 2565 1123 2615 imo
1135 2578 1167 2615 ne
1179 2566 1245 2627 apud
1259 2579 1321 2627 poe·

255 2660 305 2701 tam
317 2652 454 2716 quidem.»

284 2742 336 2801 Vll,
350 2742 363 2806 ᾗ
375 2742 415 2791 ΙΞ.
428 2744 488 2794 Post
501 2744 578 2793 verba
592 2743 669 2793 «Pulsi
682 2751 753 2806 putat
763 2765 784 2803 ι,
797 2744 944 2793 inseritura
959 2744 1079 2802 Mennim,
1093 2744 1136 2807 qui
1150 2752 1233 2795 tumen
1248 2760 1324 2807 repu-

255 2831 359 2893 gnabat,
378 2831 433 2881 hoec
451 2832 595 2882 sententia:
611 2852 621 2874 ιι
637 2833 664 2881 lu
677 2832 748 2881 tertia
763 2846 824 2881 vero
837 2839 917 2894 parte,
930 2846 985 2895 quae
998 2840 1038 2882 est
1050 2833 1082 2883 de
1096 2833 1145 2882 vita
1157 2839 1184 2883 et
1200 2833 1325 2890 moribus,

254 2922 280 2970 ln
291 2923 474 2974 constitutione
485 2923 544 2973 finis
556 2923 617 2973 nillil
630 2936 784 2985 generosum
797 2923 862 2985 sapit
874 2930 950 2985 atque
958 2923 1119 2985 magnificum
1130 2945 1152 2983 a,
1165 2937 1239 2987 quam
1248 2925 1325 2973 Lam-

252 3013 329 3063 binus
345 3014 510 3077 improltavit,
524 3014 658 3064 Ernestius
674 3013 805 3076 ceterique
822 3013 935 3063 editores
958 3013 997 3062 vel
1015 3013 1087 3062 uncis
1106 3013 1262 3066 incluserunt
1283 3014 1324 3064 vel

254 3115 360 3164 prorsus
372 3103 523 3165 omiserunt,
544 3102 603 3165 quia
622 3100 697 3150 abest
712 3101 744 3150 ab
768 3100 872 3163 optimis
890 3100 1036 3159 codicibus;
1049 3099 1214 3151 nihilominus
1230 3101 1325 3164 aliquid

253 3191 381 3242 excidisse
401 3191 531 3255 putabant,
555 3192 706 3255 signumque
726 3190 821 3240 lacnnae
841 3197 985 3252 posuerant.
999 3189 1065 3239 llinit
1077 3189 1203 3240 excidisse
1215 3190 1325 3240 demon·

254 3279 344 3328 stravit
355 3280 487 3340 Gvaserns,
501 3279 526 3327 in
537 3285 723 3341 programmate
732 3278 855 3341 gymnasii
868 3277 995 3327 anensis
1006 3278 1325 3342 a.1847,quitotumhuuc

253 3365 346 3427 locum,
366 3374 394 3416 ut
411 3374 517 3418 testatur
534 3367 658 3422 Baiterns,
676 3366 781 3430 egregie
796 3366 981 3428 interpretatus
997 3374 1046 3415 est.
1066 3366 1120 3415 Nou
1139 3367 1232 3416 desunt
1244 3366 1285 3415 his
1296 3367 1323 3415 in

256 3453 329 3503 libris
340 3455 429 3505 aliene
441 3457 576 3505 sententie
588 3471 644 3520 qnae
656 3458 688 3506 ab
700 3459 792 3507 eodem
804 3471 854 3507 non
867 3458 924 3508 rudi
936 3458 1086 3515 enarratori,
1100 3457 1139 3508 rel
1151 3459 1183 3508 ab
1195 3458 1325 3509 aliishaud

255 3543 339 3593 minus
357 3544 440 3596 doctis
453 3545 546 3607 passim
558 3546 693 3609 adscriptae
706 3552 774 3608 sunt,
787 3553 814 3596 el
825 3547 919 3610 quibus
930 3548 1026 3597 diutius
1038 3547 1114 3596 etiam
1129 3561 1194 3597 nunc
1211 3548 1324 3597 editores

254 3641 367 3694 parcunt.
381 3635 438 3699 -5
456 3634 496 3685 23.
514 3635 632 3685 Omittam
650 3637 743 3685 verba:
758 3661 767 3680 ι
783 3637 809 3686 id
827 3643 868 3685 est
888 3635 1041 3699 voluptatem
1061 3642 1087 3685 et
1106 3636 1222 3686 dolorem
1233 3657 1254 3693 ι,
1267 3650 1323 3700 quae

253 3720 405 3785 Madvigium
424 3722 578 3781 sollicitant3
591 3722 706 3772 scholion
719 3723 820 3785 sapiunt
841 3730 867 3772 et
878 3724 910 3773 ad
922 3724 1076 3773 sententiam
1088 3738 1145 3787 quae
1158 3738 1215 3773 mor
1229 3724 1324 3786 legitur

251 3816 376 3872 spectant.
386 3838 416 3846 -
428 3812 482 3861 Mon
498 3810 580 3874 magis
597 3824 696 3873 parcam
709 3812 768 3861 lruic
781 3813 913 3861 membro:
929 3832 938 3852 ι
954 3819 981 3861 ut
993 3812 1102 3876 aliquam
1115 3826 1146 3861 ex
1160 3826 1190 3861 eo
1204 3810 1324 3873 percipe-

253 3905 292 3949 ret
308 3912 416 3963 corpore
434 3899 627 3962 voluptatemnz
648 3900 730 3951 tardat
748 3901 816 3951 enim
834 3900 985 3961 orationem,
1013 3914 1094 3964 neque
1116 3901 1138 3949 si
1163 3900 1189 3950 id
1209 3898 1324 3962 omittas,

252 3972 386 4053 quicquam
402 3990 545 4048 desideres,
565 3990 683 4054 qnoniam
700 3990 785 4040 statim
805 3990 885 4053 legis:
906 3997 1034 4052 «propter
1054 3989 1237 4051 voluptatem».
1255 3989 1325 4039 Prae-

256 4085 325 4127 terea
345 4079 448 4128 codices
472 4079 636 4140 dissentiunt,
657 4086 683 4128 et
702 4079 855 4141 ambiguitas
875 4079 956 4128 oritur
980 4093 1011 4128 ex
1037 4078 1140 4141 gemino
1163 4078 1282 4128 ablativo.
1295 4106 1324 4115 -

254 4166 320 4230 §Sl
333 4168 450 4218 Davisius
463 4168 629 4233 Bremiusque
641 4168 706 4217 hanc
718 4168 905 4218 incommodam
917 4169 1080 4231 ineptumque
1093 4168 1244 4217 sententiam
1257 4176 1327 4218 nota·

257 4265 364 4307 verunt:
380 4258 503 4308 «dolores
512 4258 623 4322 denique
630 4257 736 4320 quosvis
744 4257 877 4318 suscipere
887 4256 1040 4320 malitqnam
1050 4258 1172 4307 deserere
1181 4258 1257 4306 ullam
1270 4256 1327 4306 olli-

256 4344 290 4413 cii
308 4352 407 4406 partem
416 4360 444 4407 ⁸3
458 4345 539 4409 iisqne
558 4345 702 4396 adsentitur
721 4345 873 4409 Madvigius,
886 4344 930 4409 qni
945 4353 1022 4409 negat
1035 4353 1152 4409 tanquam
1161 4352 1231 4395 recte
1243 4343 1327 4404 scrip·
