3325 5159
361 665 411 721 tea
684 664 725 720 De
740 678 861 723 uncinus
875 665 897 735 Ι,
913 678 984 736 rur,
1003 668 1096 722 lt-tl.

358 811 424 853 tasse
436 804 598 854 scribendum
614 805 753 862 sessionem,
772 818 817 867 pro
834 805 966 854 cessionem
983 805 1068 869 (Cous.
1082 806 1163 867 Epist.
1178 808 1229 854 act.
1242 804 1304 862 XlV,
1318 804 1360 864 ld,
1372 804 1388 853 Ξ)
1398 806 1420 865 );

356 893 423 955 qrtod
437 893 536 941 ridetur
548 893 602 954 ipse
613 893 708 942 Tullius
720 894 843 957 indicare,
857 896 974 957 quioniam
987 895 1049 944 dicit
1062 895 1135 956 paulo
1146 893 1225 943 inira:
1241 915 1249 936 n
1261 907 1331 943 more
1342 894 1421 955 patrio

357 982 450 1030 sedens
463 982 488 1029 in
500 982 564 1031 solio
579 1001 601 1029 ιι.

390 1073 428 1129 ll',
445 1074 481 1120 ll.
499 1073 635 1122 Adsentior
647 1074 723 1122 baldo
735 1074 778 1137 qrri
790 1083 879 1124 censet
892 1075 1027 1138 legendum
1040 1089 1113 1126 esse:
1129 1079 1173 1124 «et
1185 1089 1259 1139 quem
1272 1075 1304 1124 ad
1316 1076 1420 1124 modum

440 1163 553 1224 tprtotidic
567 1165 663 1211 returns
674 1163 769 1225 aliquid
784 1178 811 1218 a:
825 1165 919 1213 etenim
932 1166 963 1214 dc
977 1179 1004 1214 rc
1018 1165 1091 1221 facta,
1105 1179 1154 1215 non
1168 1165 1291 1222 facienda,
1309 1165 1421 1228 loquitur

358 1252 464 1312 atticus,
473 1253 591 1314 quioniam
600 1252 684 1301 addit:
701 1274 710 1293 c
722 1260 747 1299 ut
755 1253 805 1299 inm
814 1253 895 1301 oratio
905 1261 944 1301 tua
955 1268 977 1301 u.
988 1268 1021 1301 m.
1031 1267 1054 1302 a.
1065 1254 1106 1315 pb.
1117 1254 1133 1301 l.
1143 1254 1270 1315 absit.-§
1280 1254 1316 1302 ta.
1326 1255 1421 1302 Trans-

358 1340 446 1400 ieram,
460 1350 518 1389 ante
529 1341 717 1404 experiundum,
731 1341 774 1388 ribi
788 1342 869 1403 potuit
882 1355 1035 1391 evanescere
1047 1343 1080 1392 ob
1101 1341 1200 1391 finalem
1219 1342 1290 1392 verbi
1304 1342 1418 1406 plocebit,

359 1444 497 1492 pronomen
509 1430 534 1477 id
544 1431 610 1493 quod
624 1430 717 1494 legitur
730 1431 754 1479 iu
768 1432 843 1480 codd.
857 1439 915 1480 ante
927 1432 948 1479 si
960 1432 1066 1494 quidem.
1081 1432 1206 1481 Manutius
1218 1431 1243 1479 id
1258 1432 1343 1493 posuit
1355 1431 1422 1480 inter

357 1520 400 1567 libi
413 1527 439 1568 et
451 1535 542 1577 censeo,
555 1521 748 1582 solimitatibus,
762 1522 828 1570 inter
840 1521 1018 1585 experiundum
1030 1528 1057 1570 et
1069 1520 1120 1569 tibi.
1133 1548 1163 1555 -
1176 1520 1287 1570 Geminae
1299 1520 1421 1570 enuncia·

358 1608 433 1658 tionis
447 1609 579 1671 vestigium
592 1609 761 1671 deprehendit
774 1610 864 1659 balitus
876 1609 901 1658 in
914 1610 1055 1659 sententia:
1072 1610 1121 1659 «ad
1135 1623 1209 1672 qrram
1222 1623 1270 1673 ego
1283 1623 1420 1672 numquam

357 1698 405 1746 uisi
419 1705 518 1760 paratus
530 1707 556 1747 ct
568 1699 703 1748 meditatus
714 1700 809 1748 accedo
820 1719 841 1756 ·‚
854 1712 909 1762 quac
922 1699 1009 1762 nequit
1020 1699 1125 1756 servari,
1138 1698 1255 1762 quioniam
1269 1698 1343 1761 paulo
1356 1697 1420 1747 infra
1493 1724 1495 1728 ·

353 1786 478 1848 legimus:
494 1786 569 1836 asine
581 1800 629 1851 qna
643 1787 825 1850 (cogitatione)
839 1788 869 1836 ad
884 1787 975 1836 nullam
988 1788 1109 1837 maiorem
1122 1800 1240 1851 umquam
1252 1799 1354 1836 caussam
1364 1799 1420 1835 sum

355 1888 431 1925 ansus
442 1876 596 1925 accedere».
613 1876 686 1925 «Non
699 1884 738 1925 est
750 1876 798 1925 boc
810 1876 928 1926 librarios
940 1877 1075 1939 castigare,
1089 1876 1170 1939 inquit
1182 1876 1282 1936 balius,
1296 1881 1340 1924 aut
1354 1875 1419 1927 male

357 1986 366 2005 »
380 1966 483 2014 sedulos
493 1972 666 2025 aunonenses,
680 1965 726 2014 sed
739 1966 820 2028 ipsum
833 1965 990 2024 Ciceronem,
1004 1966 1047 2028 qui
1059 1964 1106 2014 bos
1125 1964 1250 2028 praecipue
1268 1964 1350 2013 libros
1367 1978 1419 2015 non

358 2074 369 2097 ι
383 2067 411 2103 ca
424 2067 483 2102 cura
495 2053 613 2113 absolvit,
626 2067 675 2118 qna
687 2062 787 2104 ceteros
798 2055 969 2118 solebatqnos
977 2056 1066 2104 ederet
1077 2075 1096 2101 ».
1107 2055 1161 2119 Ego
1170 2069 1230 2104 vero
1240 2055 1370 2104 Ciceronis
1378 2068 1419 2105 so·

357 2144 425 2193 litam
437 2144 597 2193 sedulitatem
617 2144 658 2193 bic
677 2145 788 2207 reperio,
808 2145 851 2207 qui
870 2158 934 2208 opius
953 2152 1092 2195 retractans
1111 2146 1292 2210 elegantiorem
1312 2144 1420 2195 sormam

356 2234 488 2282 sententiae
500 2233 578 2295 priori
590 2233 765 2291 substituerat,
779 2246 854 2296 quam
866 2234 1050 2283 correctionem
1065 2234 1171 2292 librarii,
1184 2247 1228 2283 seu
1246 2234 1358 2284 leviores
1373 2247 1420 2284 seu

356 2324 436 2386 magis
448 2336 522 2386 qnam
534 2324 642 2372 decebat
653 2324 776 2386 religiosi,
789 2324 965 2387 neglexerunt.
975 2352 1005 2359 —
1018 2324 1031 2388 ἓ
1044 2324 1083 2374 13.
1096 2324 1222 2388 Egregius
1234 2324 1302 2373 idem
1314 2324 1421 2374 criticus

356 2414 465 2463 Atticum
477 2415 508 2462 ad
521 2414 658 2463 Scaevolam
672 2414 809 2464 ventitasse
827 2414 896 2464 utillo
915 2414 964 2463 alio
983 2414 1038 2464 loco
1058 2420 1224 2465 memoratum
1243 2427 1301 2463 esse
1320 2422 1419 2477 monet,

354 2504 462 2567 ideoque
475 2503 611 2567 legendum
623 2517 680 2554 esse
692 2512 796 2553 censet:
812 2526 821 2546 ‹
833 2504 893 2567 quin
902 2505 983 2566 ipsum
993 2505 1107 2554 etiamad
1117 2504 1252 2554 Scaevolam
1261 2504 1385 2555 ventitare
1397 2526 1418 2553 ι.

356 2592 456 2642 Leriori
469 2594 581 2643 remedio
594 2606 652 2642 vera
665 2594 741 2642 lectio
754 2594 911 2654 restituetur,
926 2594 1024 2656 opinor,
1034 2595 1150 2643 edendo:
1165 2608 1261 2657 «quum
1274 2594 1355 2658 ipsum
1367 2594 1419 2642 ianr

354 2684 384 2732 ad
398 2683 534 2734 Scaerolam
547 2684 685 2732 ventitares
694 2697 723 2741 »3
738 2696 809 2744 pron.
822 2684 904 2746 ipsum
915 2684 1094 2733 commercium
1107 2697 1163 2732 cnm
1178 2689 1227 2732 tam
1239 2682 1419 2745 erimiojuris-

355 2774 470 2821 consulto
490 2772 592 2821 indicat.
605 2801 634 2807 -
648 2771 661 2835 S
674 2774 712 2821 ll.
725 2772 836 2820 Verbum
856 2773 932 2831 odire,
953 2773 1020 2835 quod
1041 2785 1123 2834 neque
1142 2773 1314 2821 necessarium
1334 2785 1419 2836 neque

355 2869 441 2924 aptium
455 2863 501 2911 boc
514 2863 570 2911 loco
583 2862 691 2923 ridetur,
704 2862 795 2910 merito
807 2875 865 2910 cnm
877 2861 1000 2911 Lambino
1012 2869 1038 2911 et
1050 2862 1169 2911 Ernestio
1182 2862 1283 2911 inclusit
1296 2862 1417 2910 Halmius.

356 2952 472 3000 Fortasse
484 2959 569 3000 nattum
582 2958 622 3001 est
634 2965 663 3000 ex
677 2952 758 2999 ordire
770 2951 835 3000 male
849 2952 941 3013 posito.
954 2952 1046 3002 Bauius
1058 2950 1162 3012 conjicit
1175 2968 1181 2998 z
1196 2952 1247 3000 «ad
1260 2950 1346 3000 Lirem
1356 2971 1376 2997 a.
1387 2979 1418 2985 —

355 3040 448 3104 begam
461 3055 518 3090 cum
532 3042 617 3099 Balio,
630 3055 661 3089 en
674 3042 749 3091 codd.
764 3063 773 3084 α
788 3054 863 3105 quam
875 3050 958 3091 antem
971 3042 1091 3105 exiguum
1104 3048 1143 3091 est
1155 3054 1246 3091 munus
1262 3041 1311 3090 boc
1329 3052 1417 3090 eorum

355 3132 397 3192 qul
409 3131 589 3180 consuluntur!
608 3153 616 3170 n
631 3159 660 3166 -
673 3132 821 3180 Ciceronem
834 3132 968 3193 scripsisse
979 3132 1095 3194 suspicor
1108 3146 1114 3178 ε
1130 3153 1140 3173 «ι
1153 3131 1236 3193 quoad
1249 3130 1342 3193 populo
1350 3143 1417 3193 proe-

353 3227 391 3269 sto
402 3235 452 3269 esse
466 3221 599 3269 troltrerunt
613 3240 634 3282 s,
648 3228 676 3269 nt
686 3220 749 3270 iutra
762 3221 803 3278 lll,
817 3222 828 3283 ᾗ
840 3221 879 3280 te,
900 3241 909 3262 α
924 3221 1082 3283 temporibus
1100 3228 1192 3283 praesto
1209 3232 1266 3269 csse
1283 3219 1379 3268 debere
1395 3239 1415 3274 »,

355 3324 399 3371 pro
411 3310 475 3358 littr.
488 3310 503 3357 9
518 3332 526 3351 ι
539 3309 580 3372 jtts
592 3309 666 3358 civile
678 3310 767 3359 didicit
770 3347 828 3360 ......
843 3316 934 3373 praesto
946 3312 1033 3360 multis
1046 3310 1092 3360 fuit
1107 3332 1129 3358 r.
1141 3310 1243 3360 Ernesti
1255 3292 1331 3372 taoni.v
1343 3331 1353 3351 α
1369 3322 1417 3371 po-

355 3399 412 3459 pulo
426 3399 532 3459 probare
548 3414 573 3458 »ς
586 3399 694 3463 Madvig.
708 3418 720 3444 o
734 3400 766 3449 ad
780 3401 899 3463 populum
917 3407 1037 3461 praestare
1052 3414 1080 3459 »;
1094 3400 1184 3447 Bakius
1198 3419 1209 3442 ι
1223 3399 1315 3461 populo
1327 3396 1416 3447 deberi

355 3486 472 3536 viderunt
483 3509 535 3534 ».-
547 3488 636 3537 Veram
649 3489 784 3537 lectionem
793 3489 818 3536 in
827 3489 902 3537 codd.
913 3488 1021 3549 tun-piter
1029 3488 1065 3536 sic
1073 3488 1256 3538 adulteratam:
1272 3508 1282 3529 «
1293 3485 1414 3549 incogniti

353 3578 385 3625 de
399 3578 468 3625 tenui
482 3577 558 3626 estin
574 3591 645 3627 usu»
668 3578 788 3639 restituit,
809 3577 909 3640 opinor,
931 3578 1011 3626 llalur.
1031 3578 1075 3640 qui
1094 3578 1194 3627 edidit:
1216 3577 1266 3626 «id
1284 3583 1369 3626 autem
1388 3581 1416 3623 ut

353 3667 500 3726 cognitione
514 3674 589 3716 tenne
601 3674 649 3724 cst,
663 3667 696 3715 ita
710 3680 755 3716 usn
772 3668 979 3717 necessarium».
1046 3649 1048 3653 ’

385 3760 414 3818 V,
427 3760 438 3820 §
453 3759 489 3808 16.
507 3759 589 3808 Minus
601 3772 614 3808 a
627 3760 701 3809 codd.
715 3760 830 3823 vestigiis
842 3766 895 3808 uta
907 3759 1135 3822 scriptorismente
1148 3759 1277 3810 discedam
1291 3759 1413 3822 legendo:

356 3869 365 3891 «
379 3848 447 3897 ιιιιΙΙο
460 3848 484 3896 in
497 3862 592 3911 genere
604 3848 749 3911 disputandi
761 3848 916 3909 manifestius
928 3847 1041 3909 patefieri
1054 3848 1115 3911 quid
1127 3847 1161 3896 sit
1180 3846 1275 3895 bomini
1294 3860 1307 3895 a
1328 3853 1414 3895 natura

355 3938 475 3986 tributum
492 3959 512 3997 ›·,
533 3951 606 4001 utram
626 3938 705 3986 ceteri
726 3937 808 3985 critici
826 3937 870 4000 qui
889 3937 956 3985 bunc
975 3936 1057 3986 locum
1081 3937 1216 3985 restituere
1239 3934 1323 3985 conati
1346 3941 1413 3983 suut.

353 4028 459 4088 Scripsit
470 4027 549 4075 Halm.
565 4042 571 4073 :
586 4047 597 4069 o
611 4027 637 4075 Si
650 4027 700 4075 ullo
713 4027 737 4074 iu
750 4040 845 4089 genere
857 4026 1003 4088 disputandi
1015 4026 1040 4074 in
1053 4026 1100 4074 hoc
1119 4026 1166 4074 ista
1184 4023 1299 4087 patefieri
1315 4043 1335 4071 ι.
1355 4023 1414 4073 Ple-

353 4117 423 4178 rique
436 4118 510 4166 codd.
525 4116 634 4165 babent:
650 4116 821 4177 «ilisputaudo
834 4116 913 4179 inagis
926 4116 1032 4165 honesta
1045 4115 1161 4177 patefieri
1171 4134 1191 4161 r.
1200 4114 1319 4163 -Malim
1328 4114 1414 4177 legere

351 4217 408 4251 cum
429 4204 523 4252 balio:
545 4223 556 4247 u
571 4208 643 4266 intorte
662 4204 789 4275 naturalis
801 4205 911 4252 societas
931 4204 998 4260 inter
1016 4203 1086 4265 ipsos
1104 4222 1126 4265 »,
1148 4216 1192 4264 pro
1213 4204 1279 4265 rulg.
1301 4216 1363 4267 qun.
1384 4228 1414 4237 -

353 4291 364 4352 ἓ
378 4293 413 4340 ll.
427 4293 538 4341 Genitore
550 4294 733 4343 enunciationis
747 4293 852 4357 vestigia
865 4293 889 4341 in
904 4293 951 4342 boc
964 4292 1019 4341 loco
1032 4292 1234 4341 animadvertere
1246 4290 1296 4340 sibi
1310 4276 1414 4340 rideba-

353 4388 393 4429 tnr
407 4382 512 4439 birkins3
524 4383 561 4430 sic
573 4383 640 4431 enim
653 4383 751 4443 scribit,
766 4397 791 4444 p.
810 4382 894 4430 XXV:
917 4402 926 4424 t
942 4382 1086 4431 destinasse
1099 4381 1176 4430 credo
1193 4380 1342 4430 Ciceronem
1360 4380 1413 4429 baec

356 4492 367 4514 n
380 4482 507 4534 postrema
522 4474 625 4535 (trotino
637 4474 703 4521 enim
714 4472 776 4521 iuris
785 4472 929 4535 ecplt'condo
940 4472 1007 4521 nobis
1018 4475 1053 4521 est
1057 4506 1145 4520 .........
1159 4484 1214 4535 onte
1225 4474 1343 4521 nocentur
1355 4470 1411 4519 iuro
