3325 5159
302 566 352 623 400
537 564 579 621 Dr
601 576 786 622 nvvruanvoue
804 564 826 635 Ι,
846 576 1012 636 svnt-xxvi,
1031 564 1126 623 3455.

298 703 406 764 hiosero,
419 702 555 766 legendum
567 715 624 752 esse
636 708 741 753 censet:
756 724 766 745 ι
781 702 854 765 idque
866 710 986 764 possetne
999 701 1053 752 lieri
1065 702 1195 753 consuluit
1208 723 1230 766 »,
1244 717 1311 767 quos
1320 718 1361 755 se·

297 804 368 856 quar.
648 835 656 849 ,
1224 786 1228 792 ’

327 880 412 941 XViii,
430 881 494 943 534.
512 876 640 940 (tmittan'r,
660 893 717 930 cum
733 879 853 930 bchlitzio
867 890 893 929 et
905 882 932 929 0.
947 879 975 927 B.
989 880 1028 928 W.
1044 879 1159 937 hiililero,
1173 884 1204 938 et,
1219 880 1288 931 inter
1303 881 1361 931 siet

297 970 477 1020 auctoritatem.
490 998 521 1006 -
536 970 696 1032 participium
718 970 797 1018 ductae
815 968 889 1018 facile
906 969 999 1028 abesse
1020 975 1103 1031 potest
1121 969 1178 1018 sine
1199 969 1251 1019 ullo
1271 982 1360 1039 sensus

297 1059 460 1109 detrimento.
473 1086 502 1095 —
515 1058 665 1122 ilottingero
677 1067 823 1121 suspectum
835 1067 875 1108 est
888 1057 993 1107 verbum
1002 1072 1082 1122 posse,
1096 1057 1163 1121 qnod
1176 1065 1305 1122 repugnat
1314 1059 1360 1109 ad-

299 1147 385 1198 verbio
401 1148 526 1197 diuinitas.
539 1173 563 1183 -
579 1148 702 1197 Eumdem
715 1147 877 1205 diuinitatem,
891 1160 935 1209 pro
948 1146 1016 1211 vulg.
1025 1146 1209 1207 diuinationem,
1230 1148 1358 1212 legentem

296 1245 399 1288 secutus
411 1243 451 1287 est
463 1237 555 1286 Raiter.
570 1237 594 1285 in
608 1236 649 1286 ed.
662 1236 731 1299 Lips.

329 1326 392 1385 xlx,
408 1325 473 1390 530.
492 1325 585 1388 Legem
600 1341 606 1373 ι
621 1346 631 1368 ι
645 1333 839 1375 contemnamus
851 1333 876 1374 et
888 1338 934 1375 eos
952 1325 995 1388 qui
1008 1339 1022 1375 e
1034 1327 1154 1383 0000οε0,
1175 1333 1225 1376 etc.
1238 1341 1264 1388 »3
1283 1328 1358 1379 lectio

298 1436 309 1460 ι
324 1416 398 1465 etiam
413 1415 564 1478 Babylonem
577 1429 620 1463 scu
634 1415 783 1478 Babylonios
798 1436 807 1458 »
822 1415 922 1465 videtur
934 1429 964 1465 ex
977 1416 1130 1479 glossemate
1141 1422 1198 1466 orta
1209 1416 1357 1467 esseconi.

297 1504 359 1568 593.
378 1504 516 1554 Secluduut
527 1504 618 1554 Christ.
632 1510 659 1553 et
668 1504 758 1553 Baiter.
775 1525 785 1547 r
802 1504 954 1568 Babylonem
963 1511 1007 1554 et»
1022 1504 1048 1553 in
1063 1505 1105 1554 ed.
1119 1504 1226 1567 [000.-
1238 1504 1359 1569 Suspicor

297 1595 435 1659 legendum
447 1608 519 1645 esse:
535 1616 545 1638 ι
560 1595 671 1644 numeris
684 1602 710 1644 et
722 1594 885 1643 notationibus
897 1594 1026 1645 stellarum
1039 1608 1129 1645 cursus
1141 1602 1358 1657 persequuntur»,

298 1702 343 1751 pro
356 1688 424 1751 vulg.
437 1686 543 1736 motibus
558 1686 625 1749 quod
637 1686 743 1736 seclusit
759 1685 859 1744 Christ;
874 1686 972 1735 numeri
986 1694 1070 1737 tamen
1082 1686 1142 1735 huic
1161 1686 1206 1736 fini
1218 1699 1270 1737 non
1287 1686 1360 1736 soili-

297 1777 377 1827 ciunt.

328 1867 381 1928 XX,
400 1865 465 1930 538.
483 1866 593 1915 Seclnsit
615 1865 706 1914 Baiter.
728 1865 753 1913 in
772 1865 813 1915 ed.
832 1863 901 1926 Lips.
916 1863 993 1914 verba
1007 1883 1018 1907 r
1032 1862 1166 1914 evanuisse
1179 1870 1206 1913 et
1216 1883 1238 1912 ι.
1251 1890 1284 1900 -
1295 1864 1308 1925 5
1319 1862 1360 1913 30.

299 1954 389 2004 Bahius
401 1955 448 2015 (de
462 1956 537 2017 legg.
552 1968 576 2016 p.
588 1953 649 2014 602)
662 1952 797 2016 legendnm
809 1966 867 2002 esse
880 1959 990 2002 censet«
1004 1952 1133 2001 mittamur
1145 1951 1246 2001 oracula
1262 1951 1360 2015 »quod

298 2044 340 2093 dat
352 2043 414 2093 (iod.
427 2042 490 2091 Ulnr.
512 2048 577 2091 teste
598 2042 707 2099 Mosero,
722 2055 766 2103 pro
786 2042 938 2092 omittamus.
952 2069 980 2078 -
994 2040 1008 2105 5
1020 2041 1058 2090 40.
1069 2040 1213 2104 ‘Egregium
1231 2040 1361 2091 Goinmnae

297 2133 489 2196 conjecturam:
506 2131 637 2180 «Vestalis
650 2130 692 2180 ilia
714 2152 724 2172 ι
739 2143 795 2193 quae
812 2130 948 2180 admodum
961 2129 988 2178 h.
1000 2129 1017 2178 Ι.
1030 2129 1122 2179 idonea
1140 2129 1250 2190 videtur,
1268 2128 1360 2179 imme-

298 2222 347 2271 rito
358 2221 471 2271 editores
482 2220 610 2283 aspernati
623 2227 699 2280 sunt3
719 2218 837 2269 facillime
854 2219 922 2268 enim
941 2218 1037 2267 librarii
1056 2218 1099 2267 illu
1116 2231 1161 2281 pro
1181 2217 1229 2268 illo
1243 2218 1361 2270 scrihere

296 2316 443 2372 potuerunt.

327 2398 391 2459 xxi,
409 2397 474 2461 540.
491 2396 586 2460 Opinon
603 2396 739 2460 legendum
756 2409 834 2446 esse:
857 2396 935 2446 «Rex
955 2397 1009 2459 ipse
1030 2395 1144 2470 Priamus
1162 2396 1263 2446 somnio
1283 2397 1361 2448 noctis

298 2495 367 2537 metu
379 2486 510 2550 perculsus
523 2506 545 2547 ι,
563 2499 609 2547 pro
621 2487 720 2536 menttr.
734 2485 872 2536 Lambinus
889 2486 956 2549 conj.
969 2490 1085 2544 mentem,
1096 2486 1185 2546 Bothe,
1199 2485 1297 2535 morth.

328 2578 413 2639 xxiii,
432 2577 496 2641 546.
515 2577 623 2627 seclusit
642 2577 764 2634 Baiterus,
784 2576 810 2625 in
829 2576 871 2625 ed.
892 2575 971 2638 Lips.,
992 2582 1111 2625 monente
1123 2573 1285 2639 hottingero,
1303 2590 1361 2629 voc.

297 2668 342 2726 snt,
356 2673 413 2729 post
427 2679 475 2716 «se
488 2665 644 2716 convolvens
656 2682 679 2722 u,
691 2673 718 2714 et
729 2664 802 2714 colon
817 2680 823 2711 :
839 2685 849 2708 ‹
863 2666 930 2727 quod
950 2677 1032 2728 genus
1050 2665 1202 2727 sapientium
1221 2671 1247 2716 et
1267 2666 1362 2718 docto-

298 2771 353 2806 rum
365 2756 507 2806 habebatur
519 2756 544 2804 in
557 2756 641 2805 Persis
655 2776 664 2797 ι
676 2768 682 2815 ;
694 2768 787 2805 nornen
800 2755 902 2819 Cyrum,
917 2764 974 2818 post
985 2770 1070 2814 uncos,
1092 2756 1154 2804 mihi
1170 2768 1273 2820 quoqne
1287 2757 1362 2807 vide·

298 2852 339 2895 tur
350 2845 489 2895 abundare.
506 2870 537 2881 -
549 2845 560 2907 5
572 2845 612 2893 47.
630 2844 694 2894 Vere
706 2844 804 2894 monuit
817 2844 964 2894 Frenzelius
976 2851 1019 2894 aut
1035 2827 1196 2908 ejiciendam,
1210 2852 1254 2895 aut
1273 2847 1362 2899 verbis

299 2943 363 2986 «est
380 2935 495 2998 prolecto
514 2929 669 2999 quiddam»,
691 2936 886 2998 praeponendam
906 2948 965 2985 esse
977 2937 1144 2987 sententiam:
1162 2957 1173 2981 a
1188 2936 1296 2988 discedo
1315 2951 1364 3001 pa·

297 3038 421 3088 rumpere
433 3025 540 3075 somniis
551 3026 582 3075 ad
595 3038 652 3088 que
663 3037 721 3074 mox
735 3032 881 3074 revertar».
892 3024 950 3084 Quae
963 3025 1093 3075 translatio
1105 3025 1218 3075 nondum
1228 3025 1262 3075 ab
1274 3027 1362 3084 edito<

298 3115 368 3164 ribus
379 3115 469 3164 edecta
482 3121 531 3165 est.

328 3205 411 3261 XXiV,
424 3205 436 3267 5
448 3205 488 3254 49.
506 3203 622 3267 Scripsit,
632 3211 751 3253 monente
763 3202 867 3266 Orellio,
882 3208 946 3253 tesca
959 3216 1004 3266 pro
1017 3208 1085 3263 tectu,
1096 3204 1186 3254 Baiter.
1196 3205 1222 3254 in
1235 3206 1278 3255 ed.
1288 3206 1360 3270 Lips.

282 3334 284 3337 ,
328 3293 401 3355 XXV,
419 3293 482 3355 553.
499 3293 595 3342 Nomen
609 3292 747 3341 Eudemum
763 3292 895 3356 enjusdam
912 3292 1055 3342 scholiastae
1077 3306 1161 3355 mano,
1174 3301 1232 3357 post
1252 3295 1360 3359 uipsum

296 3389 382 3431 autem
401 3402 423 3444 a,
440 3381 554 3431 additum
567 3380 623 3442 luit,
637 3380 681 3430 uhi
700 3380 809 3431 orationi
826 3381 910 3431 ohcst.
930 3381 956 3431 id
972 3381 1077 3431 seclusit
1094 3382 1217 3443 BaiteruS,
1238 3391 1360 3435 monente

299 3472 418 3533 hapscro,
431 3469 456 3518 in
471 3470 512 3519 ed.
533 3469 602 3531 Lips.
615 3496 646 3504 —
657 3470 760 3533 Legum,
780 3481 825 3519 seu
847 3483 904 3519 eum
923 3469 1023 3520 Davisio
1037 3486 1043 3518 τ
1058 3491 1068 3514 ι
1083 3472 1130 3521 ista
1147 3471 1251 3535 quidem
1266 3491 1288 3532 ι,
1312 3485 1360 3523 sen

296 3573 355 3610 cum
368 3559 464 3609 iialmio
479 3580 489 3602 ι
503 3559 546 3608 illu
558 3559 661 3623 quidem
675 3579 697 3621 a,
712 3572 758 3622 pro
772 3559 840 3622 vulg.
852 3560 900 3615 lta‚·
912 3561 959 3610 sed
976 3560 1090 3610 omittam
1103 3573 1158 3611 voc.
1176 3561 1269 3625 pomo,
1290 3563 1360 3626 quod

296 3648 318 3698 si
329 3647 433 3698 abesset
454 3661 504 3698 non
524 3648 747 3711 requireretur·
767 3648 832 3713 554.
859 3649 884 3699 Si
898 3650 967 3713 legas
986 3663 1044 3699 cum
1064 3649 1228 3701 Valckenario
1242 3649 1288 3714 (ad
1307 3650 1360 3701 ile·

297 3737 352 3788 rod.
367 3737 431 3800 vltt,
442 3736 508 3801 52)²
529 3759 538 3780 ι
554 3737 646 3788 detulit
658 3752 729 3787 reum
743 3757 765 3795 a,
781 3752 899 3800 prorem,
920 3752 976 3801 quoe
993 3738 1070 3789 lectio
1088 3739 1150 3789 mihi
1169 3739 1242 3789 valde
1257 3739 1361 3804 placet,

296 3828 433 3879 delendum
454 3835 493 3878 est
512 3828 675 3878 membrum:
691 3829 874 3893 «Areopagitae
893 3829 1076 3892 comprehendi
1098 3830 1186 3880 iubent
1205 3843 1265 3880 eum
1283 3831 1328 3895 qni
1346 3843 1363 3881 a

297 3918 422 3981 Sophocle
435 3924 490 3968 erat
503 3917 649 3967 nominatus
665 3936 687 3975 »,
699 3919 766 3981 quod
780 3917 927 3967 scholiastae
938 3929 1040 3967 manum
1053 3919 1167 3968 nonnihil
1179 3920 1296 3981 redolet;
1312 3921 1363 3971 ad·

296 4006 377 4056 ditum
390 4005 438 4056 luit
450 4005 484 4055 ob
496 4019 610 4056 errorem
623 4006 762 4069 legentium
775 4021 827 4055 rem
840 4019 974 4069 proretam.

327 4093 412 4153 XXVi,
430 4093 494 4158 555.
512 4092 683 4155 Transieram,
697 4100 756 4143 ante
769 4106 861 4144 nornen
872 4083 1013 4157 proesuleru,
1034 4094 1077 4144 ubi
1097 4094 1138 4143 vir
1154 4095 1245 4156 deesse
1265 4101 1361 4159 potest,

297 4193 436 4244 pronomen
459 4196 524 4240 eunt,
544 4182 612 4245 quod
633 4182 752 4233 Ernestio
777 4182 868 4233 merito
888 4190 1034 4246 suspectum
1053 4184 1152 4235 videtur
1169 4190 1228 4235 ante
1252 4186 1361 4235 saltatui.

298 4273 489 4335 Nonnumquam
503 4273 571 4322 enim
591 4273 666 4323 verba
679 4286 694 4323 e
709 4285 784 4323 versu
802 4272 975 4335 superiorein
995 4272 1142 4325 inferiorem
1161 4274 1229 4324 iliata
1248 4283 1318 4326 sunt.
1330 4303 1363 4314 -
