3325 5159
577 580 1009 652 burrumussononmrlll,u‚
1024 581 1085 639 3-8.
1325 583 1360 641 33

295 714 358 765 illud
369 727 496 764 summum
507 715 604 766 bonum
613 736 635 764 ι.
649 716 789 779 Praeterea,
807 723 896 767 contra
908 717 984 779 buius
995 718 1076 767 aelatis
1086 724 1115 767 el
1124 718 1255 769 ciceronis
1268 731 1360 779 usum,

297 802 366 865 quod
374 809 460 852 monet
472 802 591 866 iladvig,
604 804 685 853 ullum
696 794 882 854 substantivum
893 804 1037 854 babendum
1046 805 1104 862 erit,
1113 805 1135 855 si
1146 811 1280 868 servesut,
1292 807 1360 869 qnod

298 893 360 942 dent
371 904 461 943 omnes
472 893 589 954 codices,
601 893 669 956 apud
681 907 745 957 quos
756 894 834 944 etiam
846 893 940 958 legitor
949 898 1032 958 posset
1042 907 1088 945 seu
1098 896 1191 959 possit,
1204 896 1271 959 qood
1285 896 1361 945 vitio-

299 995 357 1031 sum
368 982 562 1045 ese-Legem
574 983 669 1041 malim,
682 996 740 1033 cum
750 984 835 1034 sodli
848 998 854 1031 :
868 997 945 1047 «quae
957 997 1013 1033 uero
1024 984 1058 1035 de
1069 985 1197 1047 voluptate
1209 984 1327 1034 dicuntur
1339 1004 1360 1045 ι,

299 1085 345 1133 pro
359 1092 368 1113 ι
382 1083 438 1134 quae
449 1072 526 1128 enim,
545 1080 596 1122 etc.
608 1091 618 1113 ·
633 1098 664 1108 -·
676 1072 814 1122 Lambinus
825 1072 912 1136 legere
925 1072 1027 1123 volebat
1038 1073 1172 1133 refellunt,
1186 1087 1232 1136 pro
1252 1073 1361 1123 lectione

300 1161 368 1223 vulg.
380 1161 518 1224 repellunt,
530 1174 587 1225 quae
606 1161 655 1211 lroc
676 1162 731 1211 loco
742 1162 824 1211 aliene
837 1169 893 1222 est;
912 1162 983 1225 atqui
1000 1162 1086 1224 refello
1103 1175 1153 1212 non
1164 1162 1259 1212 dicitur
1270 1162 1302 1211 de
1314 1174 1363 1224 op-

298 1252 478 1315 pugnantibus.
497 1251 615 1301 iormsse
634 1251 771 1314 legendum
790 1233 926 1315 reperiunt.
938 1279 970 1287 -
986 1252 1034 1313 53.
1054 1251 1205 1307 llbuudare.
1223 1264 1274 1300 non
1285 1251 1361 1300 modo

299 1354 355 1390 voc.
368 1354 470 1398 rerum,
481 1340 527 1390 sed
541 1347 621 1390 totum
634 1340 793 1390 membrum:
809 1354 908 1404 «quum
919 1340 1107 1390 constituantur
1119 1352 1206 1390 earum
1217 1351 1302 1388 rerum
1315 1352 1363 1388 to·

296 1429 403 1490 cabula,
422 1442 479 1492 qnae
497 1429 522 1478 in
540 1441 640 1493 quaque
651 1437 707 1478 arte
719 1436 854 1479 versentur
864 1449 875 1471 ι
894 1428 987 1479 latetur
999 1428 1157 1492 lladtigius,
1170 1428 1214 1477 obi
1227 1441 1281 1492 pute
1292 1426 1362 1479 desi-

296 1531 377 1581 gnare
390 1515 490 1568 ridetur
500 1518 633 1578 molitio,
648 1530 726 1581 quum
737 1517 770 1567 ad
782 1530 838 1567 roc.
851 1531 936 1567 rerum
947 1516 1088 1576 reseratum
1101 1507 1174 1579 'atqui
1185 1516 1247 1565 illud
1259 1521 1360 1575 seruat,

298 1620 347 1656 nec
359 1606 431 1656 uncis
443 1606 564 1668 includlt3
578 1605 640 1655 milri
652 1619 713 1656 vero
725 1605 840 1669 spurium
850 1606 960 1668 ridetur,
974 1605 1083 1669 ideoque
1095 1604 1157 1654 illud
1170 1603 1295 1664 omittam,
1307 1602 1363 1652 siue

297 1695 349 1745 ullo
361 1695 494 1745 sementim
506 1696 668 1746 detrimento.
682 1723 712 1732 -
731 1696 778 1758 il.
796 1696 881 1745 llalim
893 1694 980 1759 legere
997 1708 1054 1745 cum
1066 1693 1207 1744 waltero:
1221 1714 1232 1736 «
1246 1704 1302 1756 quae
1313 1692 1362 1755 ipsi

298 1785 402 1835 Graeciae
413 1798 477 1834 nova
488 1792 548 1834 sunt
557 1800 579 1844 »;
591 1785 695 1836 codices
706 1786 773 1835 enim
786 1797 875 1835 omnes
887 1785 983 1834 babent
994 1790 1061 1840 runt,
1080 1790 1106 1833 et
1118 1783 1231 1847 plerique
1243 1782 1362 1831 omittunt

298 1887 350 1923 non
360 1880 420 1923 ante
432 1877 499 1922 noto.
511 1874 567 1923 lam
577 1873 674 1923 Trrllius
685 1886 747 1924 usus
757 1880 798 1923 est
810 1887 880 1924 tocc.
893 1886 965 1934 novo,
977 1873 1120 1923 mentalem.

330 1966 360 2014 ll.
377 1965 441 2023 llos,
460 1972 519 2015 ante
532 1969 613 2023 artes,
633 1966 706 2015 uncis
724 1966 827 2015 inclusit
847 1964 1043 2027 iladvig.,qu0d
1057 1978 1113 2014 roc.
1126 1963 1247 2014 omittunt
1258 1961 1363 2012 codices

301 2054 354 2103 Erl.
367 2067 413 2104 seu
426 2055 454 2114 B,
466 2062 493 2105 et
503 2054 571 2117 Spir.
584 2080 615 2089 -
633 2055 680 2117 55.
701 2054 825 2105 llifferunt
843 2054 947 2105 codices
957 2055 990 2104 de
1002 2054 1059 2103 loco
1072 2066 1128 2103 roc.
1141 2066 1279 2110 nouorum,
1293 2050 1361 2115 quod

297 2143 359 2192 mibi
369 2143 469 2193 videtur
477 2144 649 2194 abundare-
656 2143 746 2194 llerito
754 2144 913 2194 sustulerunt
922 2156 1021 2193 voceso
1030 2142 1133 2205 Groeet'n,
1144 2149 1201 2205 post
1208 2153 1360 2200 eoncessum,

299 2233 418 2296 iladvig,
436 2233 523 2295 Klotz,
537 2233 630 2291 Baiter,
642 2234 692 2283 elsi
704 2233 820 2297 legantur
830 2232 856 2282 in
868 2232 965 2295 optimo
976 2232 1065 2282 codice
1077 2235 1143 2281 Α.-
1160 2230 1278 2280 Nonnulli
1289 2229 1363 2280 codi-

299 2333 344 2370 ces
354 2321 434 2370 daut:
450 2340 459 2363 ι
473 2328 568 2383 quanto
585 2321 610 2370 id
627 2321 666 2370 vel
684 2320 759 2371 nobis
775 2322 873 2384 magis,
886 2327 958 2371 etc.»
975 2332 1032 2383 qum
1050 2319 1171 2383 particula
1188 2318 1296 2368 tortasse
1307 2324 1361 2368 orta

299 2416 339 2459 est
350 2422 381 2459 ex
395 2409 512 2460 lectionis
525 2409 661 2473 varietate,
674 2410 700 2459 in
711 2412 826 2475 margine
838 2417 883 2461 aut
894 2410 961 2460 inter
974 2422 1063 2460 versus
1074 2410 1167 2471 scripta
1179 2446 1186 2468 ,
1198 2408 1243 2459 ubi
1254 2408 1362 2458 notaba-

301 2505 341 2547 tur
352 2498 391 2547 uol
407 2512 453 2561 pro
467 2484 520 2559 'ua,
539 2499 566 2547 in
578 2512 634 2550 roo.
652 2500 806 2563 persepolis,
825 2499 961 2563 legendum
974 2511 1041 2549 esse.
1054 2526 1085 2535 -
1096 2497 1189 2561 Optimi
1200 2497 1303 2548 codices
1314 2496 1362 2546 ba-

299 2585 361 2637 bent
374 2603 381 2636 r
400 2608 410 2631 ι
425 2588 607 2653 balneantem
617 2602 685 2652 saepe
696 2588 839 2650 diximus»,
859 2587 941 2638 ceteri
961 2586 1028 2636 aelst
1039 2587 1105 2651 quod
1114 2607 1137 2649 »,
1149 2592 1200 2636 etc.
1213 2584 1323 2648 iladvig.
1336 2590 1363 2633 et

301 2677 394 2727 Baiter.
407 2678 556 2729 ediderunt:
572 2678 625 2729 alit
637 2678 755 2742 quonium
765 2690 787 2727 s.
800 2678 848 2728 d.·
868 2676 930 2726 llilri
946 2690 1008 2727 uero
1021 2675 1163 2727 claudicare
1182 2674 1307 2725 sententia
1324 2673 1361 2721 ti-

299 2765 385 2825 detur,
397 2766 466 2828 quod
477 2779 528 2816 non
539 2766 599 2816 idco
610 2766 791 2817 elaborandum
803 2773 844 2815 est
855 2766 974 2817 Romanis
985 2772 1014 2815 ut
1025 2765 1077 2815 sint
1088 2763 1183 2813 Graecls
1199 2761 1361 2825 superiores,

298 2857 358 2901 tum'
370 2852 396 2901 in
415 2853 469 2902 suis
487 2862 540 2903 tum
556 2854 583 2903 in
600 2853 700 2903 illorum
716 2853 829 2916 ipsorum
848 2854 963 2914 artibus,
980 2853 1040 2917 quia
1051 2852 1148 2903 Tullius
1158 2864 1225 2914 saepe
1237 2849 1303 2901 dixit
1315 2848 1364 2898 Lu·

298 2941 366 2991 linos
384 2941 410 2990 in
424 2942 559 2992 uerborum
578 2941 652 3004 copia
664 2953 722 2991 esse
736 2941 830 2991 Graecis
850 2942 1014 3005 superiores,
1031 2941 1077 2991 sed
1089 2941 1147 3004 quia
1159 2940 1185 2990 id
1197 2938 1290 2989 radoni
1300 2950 1362 2988 cou-

297 3036 448 3080 sentaneum
459 3037 515 3090 est;
527 3031 613 3094 itaque
625 3031 725 3093 legam:
739 3030 793 3080 «bt
803 3029 825 3079 si
838 3030 915 3093 (quod
926 3042 994 3091 saepe
1005 3029 1125 3089 diximus,
1143 3036 1170 3077 el
1181 3028 1361 3091 quidem.......

301 3130 376 3181 quam
388 3125 490 3169 nostros
503 3118 593 3168 iuberi
607 3117 711 3179 volunt]
729 3130 777 3168 uos
794 3131 845 3168 nou
864 3118 940 3167 modo
957 3131 1007 3167 nou
1019 3116 1085 3166 vinci
1096 3129 1110 3165 a
1123 3115 1217 3165 Graecis
1229 3115 1363 3166 uerborum

298 3206 466 3267 cottianorum
476 3210 523 3268 est,
533 3206 579 3257 sed
586 3219 647 3269 esse
655 3206 680 3255 in
689 3218 719 3256 ea
727 3205 813 3267 etiam,
822 3212 874 3256 etc.
883 3224 896 3249 ι
909 3205 969 3265 Qum
980 3204 1086 3256 formula
1095 3216 1364 3267 nonnumquamusor-

298 3302 383 3357 pillau,
396 3304 423 3345 et
435 3296 476 3345 lrie
487 3309 502 3345 a
514 3309 571 3346 voc.
583 3296 715 3346 verborum
724 3294 834 3346 fortasse
845 3295 965 3359 absorpta
976 3293 1033 3345 luit.
1041 3322 1070 3332 —
1082 3297 1095 3359 5
1106 3296 1130 3344 t.
1143 3295 1187 3344 Vix
1200 3294 1292 3345 abesse
1304 3301 1365 3357 pot-

298 3391 340 3434 est
349 3384 401 3447 adj.
414 3392 474 3435 ante
487 3398 542 3435 voc.
555 3385 672 3442 auduom
692 3386 738 3435 sed
756 3385 906 3435 immnuta
917 3386 984 3449 quod
998 3384 1091 3449 legitur
1108 3385 1135 3433 in
1147 3384 1275 3448 plerisque
1291 3384 1365 3435 codi-

299 3472 383 3534 cibus,
391 3473 497 3523 sednon
507 3473 665 3538 melioribus,
678 3487 765 3537 parum
773 3473 910 3534 satisfaciu
923 3473 1005 3537 legam
1017 3473 1114 3537 infinita
1124 3486 1170 3523 seu
1182 3473 1302 3530 iracundiis,
1315 3485 1361 3522 scu

297 3564 430 3626 landiola,
443 3578 500 3628 quae
511 3566 677 3628 saepiusapud
688 3565 796 3615 'lullium
809 3565 937 3628 leguntur.
946 3590 976 3602 -
989 3564 1099 3615 Verbum
1112 3564 1217 3613 bellumi
1228 3565 1283 3614 sine
1292 3577 1363 3614 com·

299 3655 428 3717 plemeuto
439 3655 555 3717 usurpari
566 3654 649 3716 solet,
666 3668 744 3718 quare
759 3655 874 3705 omittam
892 3654 974 3716 libris,
994 3654 1062 3717 quod
1075 3653 1148 3704 iacile
1159 3654 1251 3704 abesse
1263 3660 1363 3716 potest,

298 3750 326 3792 el
337 3742 420 3805 legam
432 3742 551 3793 librorum
567 3749 627 3793 ante
646 3746 727 3807 copie.
739 3767 770 3782 -
781 3743 876 3806 Legem
887 3756 945 3793 cum
957 3741 1080 3793 Lambino
1094 3756 1101 3791 a
1116 3762 1126 3785 ι
1140 3742 1166 3791 in
1179 3749 1229 3792 tatu
1239 3741 1361 3805 proeoloro

299 3844 328 3881 re
340 3852 362 3881 ·.
380 3857 409 3869 -
430 3834 478 3895 58.
498 3833 643 3883 Assentitur
663 3832 805 3896 Madvigius
821 3831 942 3881 Scbitzio
960 3830 1106 3894 conjicienti
1126 3830 1261 3894 legendnm
1285 3842 1365 3879 esse:

300 3938 313 3963 c
327 3920 389 3970 Nam
400 3927 427 3971 et
443 3921 560 3972 avunculi
571 3921 628 3972 eius
639 3920 761 3971 memoria
774 3932 879 3970 moveor
889 3940 910 3981 ι,
925 3932 971 3981 pro
983 3918 1023 3968 ovi
1029 3932 1038 3977 ,·
1050 3918 1146 3968 etenim
1157 3917 1196 3967 ari
1215 3915 1364 3966 memoriam

301 4012 341 4059 vix
353 4023 458 4061 servare
471 4011 560 4062 Cicero
577 4018 692 4075 poterat:
709 4018 821 4061 attamen
839 4022 954 4059 summus
968 4008 1072 4059 criticus
1089 4020 1203 4057 errorem
1214 4005 1295 4057 Tullio
1314 4006 1364 4056 tri-

297 4099 378 4149 buere
397 4098 493 4149 mavult
508 4113 583 4163 quam
601 4099 729 4159 librariis;
747 4099 857 4162 ideoque
870 4098 942 4147 illum
959 4098 985 4147 in
997 4104 1118 4148 contextu
1134 4109 1237 4147 manere
1249 4095 1320 4146 sinit.
1333 4124 1362 4134 -

303 4188 384 4250 Vere,
397 4188 499 4252 opinor,
517 4189 589 4240 addit
606 4189 718 4239 llalmius
730 4188 758 4239 l.
770 4196 830 4238 aute
841 4187 965 4237 luculos.
978 4213 1008 4223 ω-
1028 4186 1133 4249 Legitur
1144 4185 1170 4236 iu
1182 4186 1295 4249 margine
1307 4184 1365 4236 sdi-

299 4279 399 4329 tionum
406 4277 540 4328 Lambini:
556 4278 693 4329 ·Forlasse
703 4279 741 4328 vir
753 4292 811 4329 cum
819 4278 897 4328 rebus
904 4277 1023 4327 omnibus
1030 4277 1169 4328 excellens.
1179 4296 1192 4322 n
1205 4276 1276 4327 lllotu
1285 4274 1364 4326 edidit

301 4386 312 4409 ι
326 4367 449 4419 omuibus
465 4364 574 4434 [rebus]
587 4380 667 4418 exc.»
688 4367 743 4433 ligo
761 4367 848 4418 melun
860 4381 868 4415 t
880 4387 894 4411 ι
904 4380 985 4431 quum
1000 4366 1128 4419 uirtutibus
1139 4366 1259 4418 omnibus
1276 4364 1364 4416 excel-

1228 4470 1244 4513 b
