3325 5159
512 587 554 643 [ln
567 590 681 645 ursinus
694 598 833 643 nonouun
848 587 884 655 ll,
899 598 1049 656 xxvnxvr,
1067 586 1159 643 lif-til.
1333 590 1369 645 cn

301 725 426 787 conjecit:
441 736 520 773 «csse
531 723 600 772 enim
613 723 662 772 nisi
673 722 769 773 videris
781 735 831 772 non
845 723 981 784 prodest»,
994 735 1068 785 quant
1077 723 1249 786 coniecturam
1263 724 1288 773 in
1303 739 1366 773 cnu-

302 819 398 862 textunr
411 812 513 862 admisit
524 811 636 869 italien:
648 824 699 860 non
719 824 779 860 vero
791 810 860 860 illum
873 810 988 873 ejusdem
1000 810 1099 861 critici:
1114 821 1156 860 «at
1171 812 1239 861 enirn
1252 812 1367 875 sequitur

301 901 428 959 utilitas»,
441 913 497 964 qnae
519 909 603 950 mmen
624 900 692 949 bene
713 900 843 950 consentit
860 913 919 950 cum
937 900 970 949 iis
980 912 1036 963 quse
1048 912 1106 950 mov·
1120 900 1247 962 leguntur,
1260 928 1289 937 --
1302 903 1313 963 ᾗ
1325 902 1365 951 ih.

301 991 437 1051 Manutius,
451 990 597 1051 Lambinus,
610 988 726 1038 Davisius
744 989 866 1039 damnant
877 989 930 1039 brec
944 989 1033 1040 verba:
1048 989 1185 1039 «utilitatis
1195 1003 1270 1039 causa
1283 1004 1366 1053 expe-

302 1079 410 1140 tenda»,
423 1092 479 1142 quae
506 1078 538 1127 ab
561 1076 689 1127 nonnuliis
711 1076 846 1127 codicibus
867 1077 979 1137 absunt;
992 1077 1055 1127 mihi
1078 1091 1139 1127 vero
1159 1077 1366 1128 tolasentcntia:

303 1167 384 1230 «quid
408 1167 475 1215 enim
498 1167 531 1216 de
554 1165 664 1215 amicitia
680 1165 802 1215 statueris
814 1165 931 1215 utilitatis
941 1176 1016 1215 causa
1029 1166 1172 1229 expetenda
1185 1166 1257 1216 vides
1267 1185 1289 1227 r,
1301 1166 1367 1215 male

301 1268 359 1305 cum
378 1255 410 1304 iis
427 1266 483 1318 quoe
501 1255 657 1303 antecedunt
667 1266 811 1317 congruere
823 1254 934 1314 videtur,
947 1254 1042 1317 dialogi
1054 1262 1151 1305 motum
1164 1256 1246 1306 tardat
1257 1261 1284 1305 ct
1295 1254 1368 1305 ocius

301 1342 491 1394 conclusionem
509 1342 629 1402 adducit3
641 1342 727 1404 itaque
738 1350 823 1405 aptum
836 1342 893 1405 eins
905 1343 989 1393 locum
1000 1355 1059 1393 esse
1073 1349 1129 1405 post
1142 1343 1236 1393 verbu:
1252 1365 1261 1386 ι
1273 1349 1300 1393 ut
1311 1356 1367 1393 mo·-

301 1433 380 1481 riatur·
392 1430 513 1493 optabis»
526 1430 654 1493 suspicor,
675 1429 719 1479 ubi
731 1430 797 1481 bene
809 1437 934 1493 praeparat
944 1444 1001 1494 quae
1017 1440 1168 1495 sequuntur.
1177 1458 1206 1467 -
1218 1432 1367 1481 Ciceronem

299 1518 436 1582 scripsisse
447 1518 542 1569 credo:
555 1518 672 1569 «Vadem
691 1525 716 1567 te
734 1518 765 1568 ad
786 1526 893 1569 mortem
906 1519 980 1570 dabis
991 1533 1037 1582 pro
1049 1520 1140 1581 amico,
1153 1527 1181 1569 ut
1194 1519 1367 1583 nptragneus

292 1607 343 1658 ‘ille
354 1607 439 1657 Siculo
447 1613 553 1670 tyranno
563 1626 622 1656 ·.·-
633 1606 752 1657 Fortasse
764 1606 919 1669 scripserat:
929 1627 940 1649 «
950 1620 1000 1669 quo
1012 1608 1136 1658 uorumho
1144 1622 1192 1657 urna
1202 1608 1366 1668 necaremini,

300 1708 350 1745 non
363 1693 536 1758 precareref»
549 1694 733 1757 compendium
753 1708 809 1744 voc.
825 1695 918 1755 minus,
932 1695 966 1745 ob
977 1694 1137 1759 frequentem
1150 1696 1225 1759 hujus
1237 1696 1367 1760 particule

300 1795 374 1832 usum
387 1790 445 1845 post
456 1797 513 1847 quo,
527 1782 600 1833 facile
613 1782 727 1833 habitum
741 1782 788 1832 fuit
799 1795 845 1845 pro
857 1782 930 1846 signo
944 1784 1108 1845 pronominis.

331 1869 404 1931 llllV,
417 1871 480 1937 58¹.
503 1871 557 1920 Nou
581 1869 706 1921 satisfacit
717 1871 860 1934 Madvigius
871 1872 967 1922 tuendo
980 1870 1112 1922 formulam
1131 1872 1171 1921 nel
1187 1872 1267 1922 studio
1291 1884 1366 1935 qnam

298 1959 483 2010 damnavenmt
495 1960 579 2009 havis.
591 1967 618 2010 et
629 1959 747 2020 Ernesti3
760 1959 835 2010 deest
846 1960 914 2011 enim
926 1961 978 2023 adj.
987 1961 1055 2024 quod
1069 1961 1223 2024 respondeat
1232 1959 1367 2022 adjectivis

297 2048 374 2109 omni,
383 2048 477 2112 quavis,
489 2049 544 2110 ipsc
551 2067 559 2105 ,-
572 2062 655 2111 neque
667 2048 814 2110 probandus
825 2055 866 2099 est
878 2061 939 2099 usus
952 2048 1081 2112 particule
1093 2048 1131 2099 nel
1140 2057 1200 2099 ante
1215 2049 1306 2098 verba:
1319 2048 1365 2097 «iu

300 2139 354 2201 ipsa
364 2139 459 2189 virtute
469 2159 491 2200 ι,
503 2140 525 2189 si
538 2140 614 2189 aliter
631 2152 688 2189 eam
708 2139 837 2202 intelligas
848 2152 924 2202 quam
935 2148 996 2190 ante
1010 2139 1121 2203 «quavis
1135 2139 1244 2192 scientia
1256 2159 1266 2181 ι
1277 2139 1362 2198 ;Cice·

302 2239 390 2278 runem
403 2227 538 2290 scripsisse
556 2240 668 2288 censeo;
681 2231 729 2277 «ut
740 2227 766 2277 in
778 2227 833 2291 ipsa
848 2227 941 2279 virtute
953 2228 1076 2290 optimum
1084 2228 1195 2292 quidque
1208 2228 1365 2279 rarissimum

299 2325 341 2367 cst
349 2338 370 2365 ι.
384 2317 500 2367 balterus
512 2322 589 2367 tacet.
600 2342 628 2352 -
643 2317 697 2366 Non
713 2316 879 2368 consentiunt
894 2317 997 2367 codices
1009 2318 1035 2368 in
1048 2330 1153 2368 numero
1166 2325 1193 2368 et
1204 2318 1295 2368 ordine
1308 2332 1365 2380 par-

299 2406 433 2457 ticulamm
445 2410 477 2468 et,
491 2414 548 2468 post
564 2406 659 2456 verba:
673 2406 777 2456 «bonus
790 2406 827 2456 vir
839 2405 887 2456 fuit
895 2421 917 2467 »;
930 2406 1013 2469 legam
1025 2413 1054 2456 nt
1065 2406 1155 2457 Cicero
1171 2406 1233 2457 alibi
1243 2406 1364 2470 scripsit:

301 2493 431 2544 «etmulti
443 2493 563 2556 Epicurei
574 2492 677 2543 fuerunt
689 2493 817 2556 hodieque
827 2499 926 2543 suntet
937 2493 963 2542 in
974 2492 1093 2542 amicitiis
1105 2492 1161 2552 lid,
1172 2499 1223 2543 etc.
1232 2514 1242 2537 »
1251 2492 1324 2544 conf.
1332 2494 1365 2544 de

299 2582 385 2644 Caelio,
397 2583 413 2633 3
423 2596 430 2643 ;
441 2583 474 2633 de
486 2583 556 2633 Orat.
569 2583 600 2642 ll,
614 2583 669 2634 103.

329 2671 415 2733 llllvl,
428 2670 491 2734 582.
515 2671 627 2721 Geminae
643 2670 830 2722 enunciationis
848 2669 983 2733 vestigium
1004 2669 1163 2733 deprehendi
1181 2675 1266 2732 potest
1277 2668 1303 2717 in
1316 2668 1366 2719 isto

298 2760 427 2822 membro,
445 2761 513 2824 quod
529 2767 677 2824 suspectum
690 2759 786 2810 babent
796 2759 896 2810 critici:
911 2760 998 2822 «qnod
1009 2759 1066 2809 sine
1079 2771 1109 2808 ea
1121 2765 1176 2809 tuto
1188 2765 1216 2809 et
1226 2757 1283 2807 sine
1295 2764 1363 2807 metu

299 2850 350 2899 rivi
368 2862 419 2899 non
439 2855 536 2911 posset,
554 2862 601 2899 nec
621 2849 732 2899 iucunde
748 2849 853 2912 quidem
874 2856 988 2911 posset-3
1006 2847 1132 2897 Manutius
1148 2847 1235 2911 legere
1249 2846 1364 2897 volebat:

301 2937 389 3000 «quod
401 2938 423 2986 si
433 2937 490 2987 sine
509 2950 548 2994 ea,
562 2944 612 2986 etc.
624 2958 634 2979 ι
648 2936 790 2999 Madvigius
801 2936 922 3000 conjicit:
937 2936 1026 2998 «quod
1038 2949 1116 2999 quum
1127 2936 1183 2985 sine
1195 2947 1265 2985 ea...
1279 2950 1310 2985 nc
1322 2936 1365 2985 iu-

298 3025 382 3075 cunde
400 3025 503 3088 quidem
524 3032 641 3087 posset-3
653 3024 699 3074 sed
718 3023 826 3074 offendit
845 3024 937 3085 duplex
953 3028 1044 3087 portel.
1057 3023 1206 3074 Ciceronem
1219 3024 1289 3085 prius
1300 3024 1365 3073 scri·

298 3112 381 3175 psisse
393 3113 526 3176 suspicor;
540 3112 626 3176 «qnod
639 3112 695 3162 sine
707 3124 736 3161 ea
750 3119 804 3162 tuto
817 3119 844 3161 et
855 3112 911 3162 sine
924 3120 992 3161 metu
1007 3112 1056 3161 viri
1068 3124 1119 3162 non
1131 3119 1248 3173 posset»,
1261 3111 1365 3170 deinde,

298 3199 356 3263 quia
368 3200 406 3249 sic
414 3200 548 3264 Epicureis
559 3214 610 3250 non
622 3200 804 3262 satisfaciebat,
818 3201 852 3250 ita
865 3200 918 3251 fere
929 3200 1082 3251 sententiam
1094 3200 1269 3262 expressisse:
1283 3200 1364 3262 «quod

297 3287 391 3337 sineea
403 3302 453 3339 non
471 3289 547 3339 modo
560 3296 625 3347 tuto,
636 3289 683 3339 sed
697 3303 729 3339 ne
743 3290 853 3339 iucunde
864 3291 968 3354 quidem
981 3290 1032 3339 vivi
1045 3297 1164 3352 posset»;
1178 3289 1245 3339 unde
1258 3288 1364 3346 librarii,

296 3378 380 3440 capite
396 3379 524 3442 neglecto,
544 3379 681 3429 clausulam
700 3381 840 3430 hauserunt
851 3394 926 3445 quum
939 3381 1017 3443 priori
1029 3380 1162 3431 sententiae
1174 3378 1261 3429 formae
1272 3378 1365 3442 adjun-

298 3474 401 3516 xerunt.
421 3468 498 3517 Deest
516 3467 542 3516 in
560 3468 618 3517 cod.
639 3468 657 3516 B
674 3467 795 3517 incisum:
811 3481 876 3517 «nec
888 3468 998 3518 iucunde
1010 3468 1112 3531 quidem
1127 3474 1242 3529 posset»,
1257 3466 1364 3519 fortasse

296 3554 331 3603 ob
349 3554 576 3606 homoeoteleuton.
587 3582 618 3591 —-
635 3555 759 3606 hifferunt
775 3557 879 3606 codices
901 3570 1009 3619 quorum
1033 3556 1147 3619 plerique
1171 3556 1363 3619 habent-quod

297 3643 339 3693 dut
347 3664 369 3707 ·,
382 3658 447 3695 unus
467 3646 548 3702 datur,
560 3646 681 3697 meliores
698 3660 757 3695 cum
769 3645 893 3696 L'ambino
905 3646 978 3701 duab
990 3658 1040 3708 ego
1052 3658 1114 3696 vero
1126 3646 1180 3695 haec
1195 3645 1272 3696 verba
1285 3644 1363 3695 omit-

298 3740 358 3791 tam,
371 3747 427 3797 quae
438 3734 512 3784 facile
522 3735 636 3797 suppleri
650 3742 766 3798 possunt,
776 3734 1220 3794 necbeuesententiaesatisfaciunt;
1232 3740 1258 3783 al
1270 3733 1363 3795 legam:

297 3842 309 3864 ι
318 3821 381 3871 mibi
398 3822 468 3871 enim
480 3823 543 3872 satis
554 3829 604 3884 est,
617 3823 682 3885 quod
693 3824 756 3885 ipsis
772 3835 823 3872 non
835 3824 898 3873 satis
906 3837 927 3883 »;
941 3822 1007 3871 male
1019 3821 1171 3872 collocatum
1183 3822 1248 3884 qnod
1259 3819 1365 3870 adduxit

296 3910 403 3959 verbum
415 3912 466 3967 dul,
478 3911 560 3969 datur,
573 3912 640 3960 dont.
648 3911 698 3974 -ἓ
709 3910 750 3961 83.
763 3910 881 3960 Nonnihil
893 3909 1024 3960 abundare
1036 3909 1137 3960 videtur
1149 3909 1174 3957 in
1187 3907 1226 3957 bis
1238 3906 1364 3957 formulis:

298 4014 344 4047 stro
361 4004 456 4063 sponte,
470 4000 559 4061 uinta,
568 4014 600 4049 ca
610 4014 645 4058 se,
657 4004 758 4063 propfer
769 4014 805 4057 se,
816 4012 923 4063 quarum
935 3999 991 4050 duae
1004 3998 1160 4061 posteriores
1171 3997 1366 4059 interpretatio-

297 4087 337 4135 nis
354 4088 467 4149 speciem
485 4088 587 4152 babent.
605 4089 659 4150 -ᾖ
676 4090 717 4138 st.
729 4088 827 4138 incerta
840 4088 957 4138 codicum
970 4087 1045 4137 lectio
1057 4099 1165 4149 quorum
1181 4085 1225 4136 alii
1237 4087 1298 4137 dant
1311 4088 1364 4137 «de

298 4174 415 4224 laudibus
428 4176 578 4236 arnicitiae»;
595 4177 637 4225 alii
651 4176 787 4227 edeltrude
804 4177 922 4226 amicitiae
932 4197 954 4236 ι,
969 4175 1141 4237 suspicionem
1161 4182 1248 4226 movet
1264 4176 1297 4226 de
1309 4176 1364 4226 ori·

296 4261 356 4322 gine
368 4261 444 4324 hujus
455 4264 721 4314 commatis-Melius
732 4265 794 4314 lirret
805 4264 887 4314 oratio
895 4263 1026 4325 magisque
1036 4263 1180 4326 perspicua,
1192 4262 1293 4325 opinor,
1304 4276 1364 4312 eva-

298 4350 351 4409 det,
368 4351 391 4401 si
402 4350 515 4401 ultimam
527 4353 695 4402 sententiam:
710 4351 764 4402 «lit
783 4359 866 4402 tomen
884 4365 933 4402 non
953 4352 1029 4402 tantis
1046 4351 1213 4415 vectigalibus
1224 4351 1257 4401 ad
1269 4350 1363 4401 libera·
