3325 5159
562 588 602 641 bn
618 600 731 642 sturnus
745 601 883 644 eououuu
901 592 1106 659 lV,1-ut,l·l.
1334 600 1362 650 ii

301 724 351 770 bus
370 724 446 771 etiam
464 723 556 786 iegitur
571 745 580 766 ι
594 730 617 772 et
633 724 844 784 proficiscendum
860 746 881 785 ι,
895 739 940 788 pro
953 729 993 786 ei,
1011 728 1077 789 quod
1095 728 1197 777 admisit
1210 729 1366 793 Madvigius,

299 825 351 861 non
370 826 448 862 ausus
465 814 543 864 edere
557 835 567 855 a
583 815 695 863 victurus
706 822 747 864 est
762 837 782 862 ι,
795 843 826 851 -
845 816 907 877 §it
929 817 1051 865 Libenter
1062 817 1160 879 legam,
1182 831 1239 866 cum
1259 820 1316 869 cod.
1331 822 1365 875 Β,

301 914 368 951 «me
381 914 467 951 rerum
487 903 563 951 traxit
581 903 644 952 ordo
659 917 680 960 ις
697 903 738 953 alii
757 905 856 954 cedet
874 905 987 954 editores
1003 906 1123 954 omittunt
1140 920 1189 954 me.
1209 934 1239 944 -
1264 908 1368 971 Legitur

301 989 368 1038 libro
379 989 420 1048 ΙΙΙ,
432 989 479 1049 53,
501 990 547 1039 «si
566 1004 615 1039 aaa
633 991 717 1039 littera
731 998 856 1042 commota
872 992 905 1041 sit
920 1007 941 1051 »3
961 1006 1023 1056 ergo
1039 993 1080 1041 bie
1101 993 1236 1054 legendum
1249 995 1366 1044 ridetur:

302 1098 313 1117 «
329 1083 357 1125 ut
374 1077 397 1126 si
415 1090 493 1125 unam
511 1077 620 1127 litteram
633 1079 768 1127 moveris»
789 1092 836 1140 pro
849 1079 941 1140 ulum,
961 1088 989 1129 ut
1004 1081 1055 1143 lam
1069 1081 1170 1131 volebat
1186 1081 1323 1131 Markland.
1340 1109 1366 1118 κ

297 1165 310 1224 ξ
321 1164 363 1213 76.
381 1164 482 1214 Deleant
494 1177 551 1213 eum
566 1165 664 1214 liavisio
676 1174 701 1214 et
714 1166 823 1225 bremio,
837 1171 930 1225 morte,
943 1174 1003 1215 ante
1017 1168 1122 1216 verbum
1133 1167 1275 1228 confecerit.

671 1636 787 1702 LIBER
812 1636 1000 1714 QUARTUS

332 2038 351 2095 l,
369 2037 383 2099 5
398 2036 419 2083 Ι.
432 2034 554 2094 Quoniam
562 2034 630 2083 inter
641 2048 669 2083 se
681 2035 806 2084 dissident
817 2036 922 2085 codices
934 2035 1072 2097 ialsamque
1085 2035 1220 2084 lectionem
1231 2035 1366 2089 exlribeut.

301 2124 385 2173 malim
401 2123 541 2173 secundum
557 2136 630 2173 usum
647 2123 788 2173 Tullianum
808 2124 914 2187 legere:
935 2131 1053 2172 «uttam
1068 2124 1146 2172 mttlta
1160 2124 1316 2179 memoriter,
1332 2124 1366 2170 sic

301 2223 352 2263 tatu
369 2213 478 2261 obscura
497 2211 645 2262 dilucide.»
662 2239 691 2247 —
705 2211 859 2262 adverbium
878 2218 992 2261 accurate
1013 2213 1151 2274 respondet
1170 2212 1267 2274 potius,
1281 2212 1306 2259 in
1319 2212 1365 2259 bac

300 2300 437 2356 sententia,
449 2298 572 2349 adverbio
584 2312 654 2358 vere,
666 2312 742 2361 quam
752 2300 810 2349 adv.
824 2300 968 2361 dilipeuter;
986 2301 1070 2363 ltaque
1083 2312 1132 2349 nou
1145 2300 1290 2349 addendum
1304 2304 1363 2354 tum,

301 2397 329 2438 ut
342 2389 444 2439 volebat
454 2388 601 2438 Lambinus.
611 2415 641 2423 —
653 2390 773 2451 Suspicor
785 2390 922 2452 legendum
935 2402 1008 2439 esse:
1024 2411 1033 2431 a
1047 2403 1104 2452 quae
1116 2396 1200 2437 tamen
1213 2402 1227 2436 a
1240 2396 1265 2437 te
1276 2396 1367 2451 agetur

301 2479 392 2529 melior
405 2498 435 2535 n,
454 2478 549 2528 omisso
562 2491 629 2533 non,-
647 2478 742 2527 etenim
759 2478 800 2527 bie
812 2479 897 2541 agitur
916 2492 966 2529 non
984 2480 1016 2528 de
1034 2485 1149 2539 tempore
1166 2479 1212 2528 sed
1231 2479 1364 2527 denatura

300 2579 399 2624 causae,
418 2566 486 2629 quod
506 2572 630 2616 monstrat
649 2566 771 2628 particula
791 2571 890 2621 tamenr
909 2567 931 2616 si
950 2568 982 2615 de
1003 2574 1118 2628 ternpore
1137 2565 1365 2629 loquereturcato‚

299 2655 408 2705 dixisset
418 2654 515 2715 samber
525 2675 532 2708 ‚-
544 2656 583 2703 sin
595 2663 680 2705 autem
693 2656 725 2705 de
735 2656 842 2706 veritate
853 2668 947 2717 causae,
959 2662 1048 2705 eontra
1060 2655 1211 2704 modestiam
1219 2654 1365 2703 sieloeutus

300 2750 379 2793 esset.
391 2769 422 2779 -
433 2742 446 2804 5
457 2742 482 2791 2.
495 2743 612 2792 Fortasse
624 2742 714 2791 Cicero
733 2743 888 2806 scripserat:
910 2763 919 2785 ι
933 2744 1011 2794 lmmo
1028 2744 1095 2792 istud
1114 2742 1232 2804 quidem,
1252 2742 1364 2803 inquam,

299 2831 400 2889 colloco,
412 2830 462 2880 nisi
473 2830 588 2894 iniquum
600 2831 710 2892 postulo,
723 2831 846 2880 arbitratu
859 2844 917 2881 meo
930 2850 952 2878 ».
968 2830 1076 2894 Quidque
1089 2838 1173 2879 ortum
1186 2837 1226 2879 est
1238 2843 1269 2878 ex
1282 2838 1365 2877 muta-

300 2918 384 2978 tione,
397 2926 424 2967 et
435 2918 476 2967 vix
489 2930 593 2967 manere
607 2924 691 2979 potest
703 2931 760 2966 cum
774 2931 846 2979 pron.
860 2918 934 2966 istud.
947 2917 1040 2968 Conier
1053 2917 1114 2980 gil.

332 3005 363 3066 ll,
375 3006 388 3067 ς
398 3005 423 3055 3.
441 3005 576 3055 abundare
589 3004 651 3053 mibi
664 3005 783 3053 videntur
801 3005 895 3055 verba:
919 3026 928 3046 ι
942 3017 1049 3066 quorum
1063 3002 1109 3052 luit
1128 3003 1182 3052 baec
1200 3004 1326 3053 institutio
1339 3018 1364 3061 ·;

299 3099 328 3142 et
340 3093 468 3157 pertinere
480 3094 511 3144 ad
525 3093 637 3156 priorem
649 3092 855 3141 enunciationem
867 3091 1002 3141 sententiae
1014 3104 1070 3153 quae
1083 3091 1176 3152 iegitur
1187 3091 1199 3150 ᾗ
1210 3093 1239 3148 Ι;
1254 3103 1330 3140 uoces
1341 3091 1364 3138 iu

299 3195 350 3244 quo
362 3180 506 3230 referuntur
518 3179 591 3229 iacile
605 3180 636 3229 ad
650 3192 705 3229 voe.
719 3180 881 3243 disciplinam.

332 3272 373 3328 ΙΙΙ,
386 3270 401 3335 5
412 3272 436 3321 5.
456 3271 539 3319 ilalim
557 3271 661 3334 legere:
684 3291 693 3312 ι
708 3270 786 3333 polite
805 3274 939 3333 aperteque
958 3270 1077 3319 dixerunt
1087 3288 1113 3326 n,
1133 3269 1201 3331 quod
1215 3268 1307 3318 melius
1321 3282 1365 3317 re-

297 3360 409 3421 spondet
426 3372 502 3421 quam
517 3364 636 3423 apteque,
655 3359 687 3409 iis
698 3371 754 3421 quse
765 3358 829 3407 inira
844 3360 978 3421 leguntur:
998 3378 1008 3399 ε
1023 3370 1097 3422 quam
1111 3358 1190 3407 niteat
1207 3358 1321 3407 oratio».
1335 3383 1365 3392 -

299 3447 345 3508 §ti
359 3446 453 3496 Omnes
464 3446 567 3496 codices
583 3446 678 3495 babent
692 3467 702 3488 ι
716 3448 749 3497 de
761 3447 942 3507 temperantia,
955 3448 987 3496 de
1000 3446 1169 3496 fortitudine·
1190 3447 1257 3496 inter
1269 3445 1363 3495 uerba:

300 3556 312 3579 ι
325 3535 358 3584 de
375 3534 532 3597 capessenda
550 3534 677 3597 republica
694 3555 703 3576 ι
726 3542 753 3583 et
772 3535 869 3583 rerba:
893 3534 1048 3584 «bominum
1068 3535 1154 3595 spinas
1174 3534 1320 3584 vellentium
1336 3548 1363 3591 »;

299 3622 418 3683 optimid
434 3622 483 3671 BC
499 3622 595 3671 addunt
614 3622 644 3670 de
655 3629 715 3671 aute
727 3635 783 3671 roc.
796 3623 893 3685 epiour;
913 3622 997 3679 unde,
1017 3629 1076 3683 post
1092 3621 1197 3670 aliorum
1217 3622 1364 3670 criticorum

299 3710 447 3768 tentamina,
459 3709 523 3757 mibi
535 3709 641 3758 venitin
653 3716 763 3758 mentem
778 3708 881 3772 legere:
899 3728 910 3750 r
920 3709 953 3758 de
965 3708 1123 3771 capessenda
1136 3708 1265 3769 republica
1279 3707 1366 3769 utpu-

299 3804 366 3854 tant,
386 3797 560 3846 cousuetudine
573 3796 702 3845 bominum
715 3810 758 3844 ace
769 3798 856 3858 spinas
869 3796 1030 3852 vellentium,
1043 3804 1071 3845 ut
1082 3795 1170 3852 Stoici,
1184 3808 1231 3843 nec
1244 3808 1302 3843 ossa
1315 3808 1365 3841 nu-

298 3887 428 3944 dantium,
450 3893 522 3935 etc.»
543 3899 600 3948 que
612 3885 688 3933 verba
707 3885 848 3947 disputant,
868 3885 1058 3943 cousuetudine,
1075 3883 1208 3932 absorberi
1228 3890 1365 3943 potuerunt

298 3974 332 4024 ob
343 3974 484 4023 litterarum
503 3973 695 4022 similitudinem
712 3984 725 4020 a
739 3972 870 4021 vocabulis
882 3978 1036 4034 praepostere
1049 3971 1166 4033 repetitis
1184 3970 1212 4019 de
1224 3975 1363 4034 temperan-

298 4062 344 4121 tia,
356 4061 387 4109 dc
398 4061 557 4123 fortitudiucr
576 4060 614 4110 rei
634 4061 711 4110 etiam
727 4060 810 4110 omitti
826 4061 860 4110 ob
880 4058 1106 4110 bomoeoteleuton.
1122 4084 1153 4093 ·-
1165 4057 1177 4118 i
1189 4059 1214 4105 Ι.
1235 4057 1365 4117 Davisius,

298 4150 456 4211 astruens,
476 4150 599 4210 (trebius,
618 4162 683 4213 quos
694 4150 810 4213 sequitur
822 4150 953 4207 Benacus,
973 4155 1185 4209 transposuerunt
1203 4147 1362 4196 membrum:

300 4259 310 4279 ·
323 4238 439 4288 incendit
454 4239 532 4300 igitur
544 4250 590 4288 eos
606 4238 649 4300 qrri
660 4238 767 4287 audiunt
781 4258 809 4296 ·‚
827 4238 897 4300 quod
910 4236 1003 4299 legitur
1015 4236 1040 4284 iu
1052 4235 1187 4286 codicibus
1200 4243 1257 4297 post
1270 4235 1363 4283 verba:

297 4347 307 4369 ι
321 4326 442 4387 oppidum
454 4339 513 4376 esse
524 4333 640 4375 uestrum
654 4335 755 4386 »,aute
768 4327 874 4375 incisum
889 4342 895 4373 ι
911 4347 920 4366 «
935 4325 994 4388 quid
1007 4325 1049 4373 ille
1062 4324 1181 4374 incendat
1196 4344 1218 4372 n.
1240 4324 1293 4372 Non
1308 4323 1363 4372 sine

1227 4428 1240 4469 a
