3325 5159
216 697 220 702 ’
300 701 352 757 ιιι
611 699 652 755 Du
669 698 1048 767 nnutavsl‚vx·r1v,26·ltl.

328 840 367 896 tx,
381 840 392 900 5
404 838 443 887 ab.
462 839 609 902 Legeodum
621 850 679 887 esse
692 837 808 899 suspicor
822 851 829 882 :
846 855 857 879 ι
869 836 991 886 obscuras
1003 837 1113 885 notiones
1124 851 1168 885 reu
1179 836 1362 900 intelligentias

296 928 423 977 inchoavit
436 947 458 976 ιι,
473 927 559 976 Edidit
571 927 683 976 Halmius
695 940 726 975 eu
739 926 815 975 codd.
830 941 836 972 :
852 946 861 966 ι
876 924 998 974 obscuras
1010 938 1058 975 nec
1070 924 1133 974 satis
1146 927 1166 943 ··
1179 924 1363 988 intelligentias

298 1016 425 1066 inchoavit
440 1038 460 1063 ι.
473 1044 504 1051 -
516 1016 599 1064 Malim
610 1028 668 1064 cum
681 1015 757 1063 Balio
770 1016 857 1078 legere
873 1029 878 1061 :
898 1034 909 1057 v
925 1020 977 1063 tum
994 1014 1107 1075 speciem
1124 1014 1158 1063 ita
1175 1014 1294 1064 formavit
1311 1015 1363 1064 oris

300 1112 326 1152 ut
338 1105 363 1152 in
376 1119 403 1153 eo
417 1140 475 1153 ......
489 1104 621 1167 effingeret
635 1124 655 1160 ι,
671 1117 715 1165 pro
730 1103 795 1165 vulg.
809 1122 821 1147 ιι
836 1104 861 1152 in
874 1116 903 1151 eo
918 1123 938 1149 ι.
951 1130 982 1138 —-
999 1103 1010 1163 5
1022 1102 1062 1152 ιι.
1077 1103 1234 1165 ingeniosam
1248 1103 1362 1166 lleideg-

298 1194 352 1255 geri
364 1193 536 1255 conjecturam
545 1191 647 1241 admisit
659 1192 770 1240 Halmius
782 1192 890 1253 legentis
904 1207 909 1237 z
925 1191 1014 1240 «oculi
1025 1192 1094 1240 mimi
1105 1191 1188 1254 arguti
1198 1211 1221 1253 ιι,
1235 1205 1281 1253 pro
1294 1192 1360 1254 vulg.

299 1282 379 1331 nimis.
394 1281 464 1331 ιιοιι.
479 1290 563 1331 uotam
586 1283 618 1331 de
631 1280 700 1330 Offic.
714 1282 732 1336 l,
746 1281 824 1342 5ltll.
838 1282 916 1343 Toup.
929 1280 997 1341 conj.
1016 1280 1095 1341 lamro
1116 1281 1192 1336 Bake,
1214 1300 1224 1322 ι
1238 1280 1264 1329 in
1285 1280 1362 1329 mini-

300 1372 347 1419 mis
361 1391 381 1417 ιι.
393 1399 421 1407 -
434 1371 505 1420 llaud
517 1370 658 1419 necessaria
672 1369 733 1417 mibi
746 1369 846 1418 videtur
859 1368 933 1418 lectio
946 1369 1018 1427 ooltri,
1034 1369 1175 1432 provoluit,
1189 1382 1265 1432 quam
1278 1376 1362 1419 tuetur

299 1461 398 1511 Balius.
412 1490 440 1496 —
453 1461 532 1509 Velim
545 1475 602 1509 curu
615 1460 704 1509 eodem
719 1474 724 1506 :
739 1480 749 1501 ι
764 1458 905 1529 confirmet.
911 1494 1000 1510 .........
1014 1465 1040 1509 et
1053 1458 1166 1520 perficiat
1179 1478 1202 1518 ιι,
1219 1460 1361 1511 orationem

298 1551 425 1613 obliquam
435 1550 614 1600 continuando.
997 1611 1000 1618 ¹

330 1639 385 1700 lt‚5
403 1639 442 1689 30.
461 1639 573 1688 Seclndit
593 1638 704 1687 llalmius
724 1638 829 1687 verbum
850 1637 1017 1686 concludimus
1036 1638 1104 1700 quod
1124 1638 1250 1700 glossema
1269 1639 1302 1689 ad
1322 1652 1359 1687 vv.

300 1728 468 1778 «conficimus
479 1728 591 1791 aliquid·
605 1728 731 1790 adjectum
744 1728 768 1776 ei
782 1727 891 1776 videtur.
905 1726 988 1776 ilalim
1000 1740 1057 1776 cum
1071 1726 1171 1778 llosero
1183 1734 1209 1777 et
1222 1728 1299 1778 Balio
1314 1742 1362 1777 «ac

298 1817 473 1867 concludimus
488 1837 509 1863 ι.

330 1906 370 1966 xl,
384 1905 447 1969 531.
467 1905 584 1954 Fortasse
598 1904 733 1967 legendum
748 1919 754 1951 :
770 1925 779 1945 «
794 1903 905 1953 levitatis
917 1903 985 1952 enim
998 1911 1025 1952 et
1036 1903 1167 1953 suavitatis
1184 1903 1305 1953 lenocinio
1316 1905 1363 1955 de-

299 1996 394 2044 lectans
409 2014 431 2041 ιι.
446 2022 474 2029 -
488 1995 501 2058 5
513 1993 552 2042 3⁹2.
565 1994 606 2042 Sic
618 1993 672 2042 lere
684 1994 832 2043 Ciceronem
846 1994 979 2056 scripsisse
991 1993 1126 2056 suspicor:
1142 2015 1151 2035 «
1165 1994 1233 2057 quod
1248 1997 1312 2043 uerte
1325 1994 1364 2042 vi-

300 2086 374 2145 vendi
387 2085 507 2132 rationem
520 2083 649 2132 meliorem
661 2082 736 2132 efficit
752 2104 773 2141 ι,
786 2083 841 2132 scil.
865 2105 874 2127 ι
890 2083 1020 2134 bominum
1037 2096 1119 2147 genus
1137 2084 1261 2134 sociatum
1276 2105 1298 2146 »,
1319 2097 1364 2134 sen

301 2196 310 2215 ι
325 2173 455 2221 bominum
467 2173 578 2247 societas
593 2192 613 2217 ».

331 2262 383 2324 llll,
397 2262 460 2323 533.
478 2262 576 2324 Sequor
588 2261 708 2310 Orellium
727 2268 753 2310 ct
769 2261 930 2310 Goerenzium
950 2261 1086 2323 legentes:
1107 2262 1200 2311 «inter
1218 2274 1308 2312 omnes
1326 2262 1364 2313 ius

298 2353 405 2402 lvomr'ncs
415 2371 437 2413 ιι,
451 2365 496 2413 pro
509 2351 583 2400 codd.
593 2350 700 2400 lectione
709 2351 822 2399 iustos-
837 2350 960 2400 lncisum:
973 2373 982 2393 ι
993 2352 1061 2414 quod
1071 2351 1152 2401 dicam
1161 2358 1277 2400 naturam
1285 2363 1360 2401 esse»

298 2440 389 2489 sclvolii
401 2440 512 2502 speciem
525 2439 603 2487 babet
613 2453 620 2498 ;
632 2448 716 2488 ortum
728 2447 768 2488 est
781 2453 811 2488 ev
825 2439 892 2502 conj.
906 2439 940 2488 sic
951 2453 1007 2503 quoe
1025 2440 1147 2501 abundat,
1164 2452 1211 2489 nec
1229 2439 1363 2503 quicquam

298 2530 339 2579 lvic
349 2530 438 2593 juvat3
455 2529 532 2578 immo
540 2529 1100 2592 obscuritatemauget—interpositumesse
1108 2529 1207 2579 locum:
1223 2537 1363 2593 «recteque

299 2620 416 2668 Socrates
419 2654 478 2667 ......
492 2618 648 2681 Pythagorea
663 2631 709 2667 vox
722 2619 754 2668 de
766 2618 876 2668 amicitia
886 2618 956 2668 locus
967 2639 988 2676 ι,
1002 2618 1093 2667 Belius
1100 2618 1252 2680 suspicatur,
1261 2619 1303 2668 cni
1315 2632 1364 2670 non

298 2709 479 2759 contradicam.
492 2708 603 2757 llalmius
615 2708 700 2757 omisit
714 2708 790 2758 verba
805 2724 811 2756 :
826 2730 836 2751 ι
850 2708 1004 2758 deamicitia
1017 2708 1124 2770 locus»,
1138 2708 1184 2758 bac
1202 2710 1365 2760 adnotatione

302 2819 312 2842 ι
326 2799 426 2848 addita:
441 2798 590 2847 «Glossema
603 2797 629 2845 in
641 2797 724 2847 locum
735 2798 868 2847 sententiae
880 2797 1043 2862 Pythagovere
1054 2812 1083 2847 se
1094 2798 1205 2859 intrusit,
1217 2812 1274 2863 quae
1282 2800 1365 2851 verbis

302 2903 314 2929 ιι
326 2884 416 2946 graecis
428 2883 505 2933 relata
519 2883 597 2933 luisse
611 2883 726 2943 videtur3
741 2883 903 2933 intercidisse
917 2883 970 2932 baec
983 2889 1089 2945 putant:
1108 2885 1141 2935 τὰ
1153 2890 1201 2936 τῶν
1215 2883 1288 2957 prior
1301 2887 1366 2937 κοινὰ

300 2976 341 3025 καὶ
354 2972 431 3045 pallor
446 2970 557 3030 ἰσότητα.
582 2992 592 3014 ι
608 3000 648 3008 -
662 2972 673 3034 5
685 2973 725 3023 34.
739 2973 806 3024 Vidit
817 2973 921 3023 Vahlen.
935 2973 1049 3023 addenda
1062 2986 1120 3024 esse
1134 2974 1212 3024 verba
1232 2994 1241 3017 ι
1255 2975 1282 3024 ιιι
1300 2975 1365 3024 ami-

299 3058 357 3107 citia
373 3078 394 3117 ι,
409 3058 592 3120 postponam,
606 3071 682 3121 quem
693 3066 817 3121 sequutus
828 3066 869 3109 est
883 3059 1004 3109 llalmius.

331 3146 395 3203 xiil,
409 3148 420 3209 5
432 3146 471 3195 35.
491 3147 600 3196 luseram
615 3146 690 3196 verba
706 3168 716 3189 ι
731 3148 818 3197 nescio
829 3147 889 3210 qnid
904 3169 925 3209 ι,
939 3148 1005 3199 inter
1017 3148 1100 3198 dixisti
1112 3155 1138 3198 et
1156 3148 1252 3208 Attico,·
1270 3148 1364 3199 etenim

298 3236 392 3285 acriter
404 3237 542 3297 respondet
552 3236 661 3297 Atticus,
674 3236 746 3299 quasi
758 3236 841 3299 ipsum
854 3236 939 3300 pigeat
951 3238 1019 3300 quod
1031 3238 1063 3288 de
1075 3250 1120 3287 sna
1135 3237 1255 3301 opinione
1263 3238 1364 3288 dubita·

300 3324 364 3374 verit
375 3325 489 3385 Quintus.
504 3352 533 3359 —
547 3324 560 3387 5
572 3324 610 3373 36.
625 3324 652 3372 ln
669 3324 780 3374 lectione
799 3325 874 3375 codd.
894 3326 979 3388 spuria
999 3327 1103 3385 detecto,
1125 3327 1221 3389 delicto,
1241 3326 1363 3387 distincta,

300 3414 379 3463 latere
392 3414 507 3475 suspicor
519 3413 667 3462 adverbium
680 3414 803 3472 adstricta,
817 3415 885 3477 quod
896 3414 953 3464 adv.
968 3415 1041 3464 libore
1051 3415 1229 3477 respondebat,
1238 3416 1362 3465 utartiotr·

299 3502 369 3551 latim
382 3502 438 3550 adv.
453 3501 509 3563 sose
522 3503 668 3564 respondet.
684 3503 781 3553 Addam
801 3507 824 3552 et
844 3510 901 3565 post
920 3504 1078 3553 articulatim.
1092 3529 1122 3539 —
1134 3504 1146 3566 5
1157 3504 1195 3554 37.
1217 3504 1365 3554 Ciceronem

301 3591 434 3652 scripsisse
447 3591 556 3653 opinor:
573 3591 683 3641 «adres
697 3591 811 3654 publicas
828 3591 963 3643 firmandas
980 3599 1006 3642 et
1022 3594 1053 3643 ad
1072 3593 1237 3643 stabiliendas
1256 3593 1366 3644 civitates

301 3679 355 3729 iure
368 3680 480 3728 sociando
494 3679 608 3741 populos
622 3680 705 3729 omnis
717 3686 802 3730 nostra
821 3681 904 3744 pergit
924 3682 1004 3733 oratio
1018 3697 1048 3744 ιι;
1065 3682 1160 3733 etenim
1176 3681 1220 3743 jus
1237 3683 1367 3733 societatis

302 3769 428 3818 vinculum
441 3781 498 3818 esse
511 3769 702 3828 demonstravit,
715 3783 771 3832 qnae
789 3770 883 3833 optima
905 3771 945 3821 via
965 3778 1003 3821 est
1021 3772 1053 3822 ad
1074 3784 1115 3821 res
1133 3786 1157 3833 p.
1180 3771 1325 3823 firmandas.
1338 3797 1368 3810 -

301 3858 383 3907 Post«
399 3871 446 3907 nec
459 3864 543 3907 tamen
558 3876 579 3917 »,
592 3857 786 3921 intelligendum
803 3873 903 3918 vercor;
924 3872 982 3909 nam
994 3865 1021 3909 ut
1037 3860 1078 3909 hic
1099 3859 1165 3910 valet
1183 3874 1213 3909 oe
1232 3874 1290 3919 oon,
1311 3859 1366 3910 scil.

302 3945 445 3995 «cornibus
458 3947 596 4007 probentur
610 3962 641 4008 ι;
658 3948 724 4011 quod
738 3948 795 3998 dico
815 3961 877 4009 pace
894 3948 1106 4011 Wyttenbaccbii‚
1125 3948 1170 4012 qui
1188 3948 1297 4013 intelligi
1317 3950 1368 3999 vult

300 4037 404 4099 postulo,
418 4044 445 4085 et
458 4036 536 4097 Babil,
549 4036 593 4099 qui
605 4036 799 4099 intelligendum
809 4046 912 4087 censet:
929 4038 982 4087 «ita
990 4037 1056 4088 bene
1066 4038 1165 4100 provisa
1176 4058 1197 4085 ι.
1206 4040 1257 4102 —5
1269 4038 1309 4089 39.
1317 4039 1369 4089 Le-

300 4127 412 4188 gendum
424 4138 482 4175 esse
496 4141 502 4173 z
516 4144 528 4169 ι
543 4126 670 4175 satistuto
684 4145 706 4189 ιι,
721 4141 767 4189 pro
781 4146 792 4170 ι
805 4128 868 4177 satis
879 4129 938 4177 scite
954 4146 976 4187 ιι,
990 4127 1101 4177 llalmins
1112 4128 1272 4191 suspicatur;
1284 4136 1311 4179 at
1324 4142 1369 4179 ve-

302 4226 359 4262 reor
372 4226 403 4261 ne
417 4216 469 4261 tuto
483 4226 532 4263 non
545 4221 668 4276 congruat
679 4227 736 4263 cum
751 4215 836 4265 verbis
850 4230 856 4262 ε
872 4236 882 4258 ‹
897 4216 1005 4265 miseras
1017 4215 1077 4265 edet
1090 4216 1175 4266 ruinas
1188 4235 1210 4264 ιι.

332 4302 395 4362 lllV,
408 4302 421 4366 5
433 4303 472 4351 to.
491 4301 573 4350 blalim
586 4302 688 4365 legere:
705 4317 800 4367 «quom
812 4304 877 4367 quod
887 4317 932 4354 eos
940 4304 1250 4370 agitantinsectaoturque
1258 4305 1330 4355 luriae
1340 4326 1349 4348 ι
1361 4321 1368 4368 ;

302 4392 420 4455 displicet
431 4391 500 4441 enim
511 4391 667 4454 geminatum
679 4393 736 4450 ιιι·
751 4393 889 4443 rixantem
908 4394 999 4445 abesse
1019 4402 1104 4457 potest
1123 4408 1197 4459 quom
1215 4402 1273 4459 post
1292 4414 1303 4440 ι
1318 4402 1368 4446 tam

242 4545 246 4551 ι
303 4480 404 4531 iudiciis
418 4502 440 4529 ».
454 4507 482 4516 -
496 4481 589 4543 legam
602 4496 659 4532 oum
669 4482 762 4534 navio:
777 4486 939 4533 «anaturaet
948 4483 1091 4549 iurealiquo
1100 4497 1174 4549 »‚pro
1183 4485 1251 4550 vulg.
1260 4487 1367 4535 noturoe.
