3325 5159
300 507 335 561 to
500 505 989 575 AcronurcouunrosrnntonmrL
1004 507 1167 574 num-at.

297 645 393 694 tionem
404 644 531 705 absolvet,
543 644 566 693 si
577 644 657 694 addas
667 644 697 702 si,
710 645 778 693 inter
795 658 851 707 qun
869 652 895 692 et
911 644 984 694 docti.
1000 644 1134 707 Obsequar
1149 651 1234 693 autem
1253 643 1368 693 libenter

297 732 395 782 llalmio
406 732 494 796 legere
505 732 601 782 uolenti
616 747 621 777 :
637 754 647 774 ·
661 740 689 781 ut
705 732 798 781 frustra
811 732 896 781 omnis
905 732 1026 781 scribendi
1041 732 1111 781 labor
1121 732 1276 794 suscipiatur
1290 753 1313 792 ι,
1327 731 1367 779 in-

298 819 438 884 telligendo
450 822 585 870 verendum
597 826 641 869 eat.
655 848 685 855 —
702 821 713 882 ς
724 821 749 869 6.
766 820 878 869 l'erbum
890 822 1067 870 contineantur
1077 822 1225 871 criticorum
1237 820 1367 882 suspicio-

297 923 344 960 nes
355 911 433 960 morit
444 911 488 974 qui
499 910 668 971 conjecerunt
679 910 871 967 continuentur,
882 910 1076 967 concinnantur,
1088 911 1267 972 conficiantur,
1279 909 1366 957 malim

296 1004 472 1049 contexantur.
485 1026 517 1034 -
528 1000 555 1048 Si
566 1000 665 1048 inseras
677 1014 755 1063 quum
766 1000 834 1049 inter
845 1014 899 1063 quoe
910 1008 937 1049 et
948 1001 1123 1049 continuantur
1135 1002 1176 1060 (.).
1189 1013 1236 1049 seu
1248 1000 1366 1061 quonium

296 1102 355 1137 cum
365 1089 514 1149 indicativo,
527 1088 615 1150 legere
630 1088 711 1138 debes
724 1104 731 1135 ε
745 1109 757 1134 ι
770 1089 916 1140 adhibenda
932 1091 1009 1140 etiam
1021 1090 1163 1152 geometria
1175 1097 1215 1138 est
1228 1104 1256 1147 ις
1268 1090 1290 1137 si
1304 1102 1368 1138 vero

298 1179 402 1227 omittas
413 1192 491 1241 quum
499 1177 537 1227 vel
550 1178 677 1241 quoniam,
690 1179 759 1241 quod
771 1179 845 1227 abest
857 1179 882 1227 in
895 1179 1048 1242 quibusdam
1058 1179 1134 1228 codd.
1147 1178 1247 1227 sublata
1258 1177 1367 1227 distine·

297 1266 366 1315 tione
379 1273 437 1327 post
448 1266 523 1326 nosti,
544 1265 681 1328 legendum
696 1279 755 1314 cum
771 1266 884 1318 Manutio
897 1283 904 1315 ε
920 1288 930 1309 ι
944 1267 1088 1318 adhibenda
1101 1267 1160 1330 quin
1172 1266 1248 1315 etiam
1260 1278 1370 1328 geome-

298 1352 346 1400 tria
362 1359 411 1401 est.
427 1372 437 1393 ·
451 1352 501 1401 Sed
513 1353 605 1416 quouis
616 1353 692 1402 modo
703 1354 858 1402 sententiam
869 1362 1004 1403 construas
1014 1367 1071 1417 quae
1081 1353 1191 1403 subinde
1199 1352 1303 1416 iegitur,
1311 1353 1369 1401 sire

297 1442 473 1503 interrogandi
484 1441 585 1503 signum
599 1448 655 1502 post
668 1442 797 1502 adducere,
806 1443 861 1492 sive
875 1451 932 1505 post
944 1444 1016 1493 rebus
1028 1456 1117 1505 ponas,
1130 1443 1208 1492 etiam
1220 1456 1287 1491 nunc
1299 1442 1369 1491 clau-

298 1533 375 1582 dicat.
388 1533 512 1581 saeterum
523 1545 580 1595 quae
590 1533 739 1595 geometria
750 1532 945 1596 intelligentiam
958 1534 1110 1596 impediunt,
1122 1547 1152 1583 ea
1165 1535 1276 1597 reliquas
1287 1534 1367 1583 etiarn

299 1621 466 1684 philosophiae
477 1629 564 1683 partes
574 1619 697 1671 afliciunt.
711 1622 737 1670 Si
749 1622 788 1671 ris
800 1635 863 1684 ergo
875 1622 1000 1686 integram
1007 1623 1162 1673 sententiam
1173 1623 1300 1682 obtinere,
1309 1635 1368 1685 quae

300 1711 383 1760 omnia
396 1710 518 1774 requisita
530 1710 723 1773 complectatur,
737 1711 924 1772 transponenda
938 1711 984 1760 tibi
996 1719 1056 1761 sunt
1066 1711 1142 1761 ambo
1154 1712 1230 1774 liujus
1241 1709 1367 1771 membra,

299 1801 387 1850 addito
405 1801 455 1849 iam
474 1800 595 1849 transitus
613 1813 699 1861 causa,
719 1801 786 1863 quod
807 1799 915 1849 fortasse
933 1799 996 1850 latet
1013 1800 1040 1849 in
1052 1808 1197 1865 quumante
1208 1800 1367 1864 quibusnam.

298 1890 340 1939 Sic
350 1890 429 1953 igitur
441 1890 512 1953 legas
526 1905 531 1936 :
546 1909 558 1933 ι
572 1889 624 1938 1((ιιι
636 1890 691 1938 baec
703 1890 757 1951 ipsa
770 1890 802 1939 de
821 1890 872 1939 rita
891 1896 918 1938 et
936 1890 1051 1939 moribus
1066 1892 1138 1939 etde
1155 1889 1306 1951 expetendis
1323 1887 1368 1936 in-

297 1979 449 2043 giendisque
460 1979 548 2039 rebus,
561 1979 714 2043 quibusnam
725 1979 859 2042 quisquam
866 1978 999 2029 enuntiare
1011 1978 1148 2028 verbisaut
1159 1991 1235 2041 quem
1246 1977 1278 2026 ad
1290 1976 1368 2025 intel-

299 2067 431 2131 ligendum
450 2068 543 2129 poterit
558 2066 703 2118 adducere?
723 2087 733 2109 »
756 2066 810 2125 Quo
828 2067 943 2117 remedio
962 2080 1011 2116 nou
1029 2066 1111 2129 magis
1129 2072 1236 2115 nocetur
1247 2065 1366 2127 genuinae

298 2157 417 2216 orationi,
435 2170 511 2219 quani
522 2157 546 2206 si
554 2155 671 2205 lacunam
688 2155 843 2217 suspiceris3
856 2168 908 2204 non
918 2156 1003 2204 minus
1015 2155 1083 2203 enim
1096 2168 1182 2203 errare
1196 2152 1367 2215 potuitlibra-

298 2244 352 2293 rius
363 2258 410 2293 seu
422 2244 531 2293 incisum
549 2245 577 2293 in
594 2245 708 2308 margine
727 2244 850 2306 scriptum
868 2256 1002 2306 perperam
1019 2243 1167 2303 inserendo,
1187 2256 1233 2291 seu
1250 2242 1366 2305 quaedam

298 2334 371 2397 signa
383 2346 440 2397 qnae
451 2334 589 2384 verborum
607 2334 724 2384 ordinem
739 2332 940 2396 praescribebant
958 2332 1125 2396 negligendo,
1141 2345 1217 2395 quam
1233 2331 1368 2380 sententiae

299 2430 397 2485 partem
410 2424 561 2474 omittendo.
575 2423 654 2473 inimo
663 2424 744 2473 babes
756 2437 823 2473 nunc
835 2423 989 2473 seutentiam
998 2435 1054 2486 quae
1061 2421 1151 2471 saltem
1161 2420 1259 2481 jndicio
1272 2419 1368 2469 satisfa-

297 2512 342 2573 cit,
354 2514 394 2561 siu
407 2513 491 2562 minus
502 2512 637 2575 integram.
650 2540 681 2547 —
692 2511 801 2562 (lodices
813 2512 911 2562 variant
922 2512 1000 2561 etiam
1011 2511 1044 2561 de
1056 2510 1189 2572 particulis
1200 2510 1265 2558 enim
1278 2516 1305 2558 et
1316 2523 1366 2557 au-

298 2605 349 2650 tem
361 2601 400 2650 vel
413 2602 445 2651 de
463 2615 550 2651 earum
562 2601 635 2660 loco;
648 2602 731 2663 legam
743 2601 821 2663 igitur
832 2601 888 2650 sine
900 2600 989 2650 lacuna
1003 2615 1009 2646 ε
1025 2621 1034 2642 ι
1050 2599 1088 2647 llli
1099 2599 1195 2663 quidem
1203 2597 1363 2659 simpliciter,

296 2699 347 2741 etc.
359 2711 381 2749 ·‚
392 2692 461 2755 quod
471 2691 626 2753 respondeat
637 2690 756 2753 sequenti
767 2699 861 2747 nutem,
877 2697 935 2752 post
947 2689 1023 2739 verba
1038 2690 1123 2750 :apud
1135 2696 1247 2738 nostros.
1256 2705 1267 2731 ι
1276 2686 1326 2748 —5
1338 2688 1364 2736 8.

297 2780 344 2829 Vix
357 2780 482 2842 percipias
493 2780 622 2842 quomodo
634 2779 718 2828 minus
730 2779 798 2829 docti
810 2778 984 2841 intelligerent
997 2799 1007 2819 ι
1022 2778 1100 2827 multa
1111 2776 1222 2827 admixta
1234 2790 1265 2825 ex
1277 2775 1365 2825 intima

297 2868 467 2930 pbilosopltia,
479 2867 559 2917 multa
574 2867 641 2917 dicta
659 2866 794 2917 dialectice
807 2880 837 2927 »3
854 2868 939 2930 itaque
959 2866 1176 2928 transponendum
1195 2877 1253 2914 esse
1272 2863 1366 2925 opinor

298 2963 357 3018 post
368 2956 475 3005 verbum
485 2956 677 3019 oonaperaintue,
690 2955 833 3004 membrum
845 2954 980 3005 sententiae
993 2970 1000 3001 ι
1015 2966 1084 3016 «quo
1096 2953 1195 3002 facilius
1206 2951 1366 3001 minusdocti

299 3045 474 3109 intelligerent
487 3044 654 3107 jucundidate
666 3045 774 3108 quadam
786 3045 818 3093 ad
831 3045 969 3107 legendum
980 3043 1090 3093 inritati.
1105 3063 1115 3084 ι

329 3135 388 3197 lv,§
398 3136 436 3183 17.
445 3135 566 3196 Suspicor
577 3134 684 3182 terbum
694 3133 815 3195 praetulit
827 3140 886 3183 aute
896 3132 1124 3195 praestantissimos
1135 3132 1284 3190 evanuisse;
1296 3143 1364 3192 aegre

298 3222 368 3272 enim
379 3229 451 3271 caret
462 3221 544 3271 lector
555 3234 622 3270 uoto
633 3220 714 3270 verbo
726 3228 784 3283 post
795 3220 943 3285 reliquisset,
956 3222 1023 3284 quod
1042 3221 1172 3270 nuntiatur
1184 3217 1306 3283 particula
1318 3232 1368 3267 nu-

298 3316 357 3360 tem.
368 3338 400 3374 ·.·
415 3310 534 3360 Omittam
551 3323 610 3360 cum
631 3310 749 3360 Ciaconio
767 3323 823 3360 voc.
843 3309 1028 3364 dubitationem,
1049 3317 1105 3372 post
1123 3308 1284 3364 Socraticum,
1296 3307 1364 3369 quod

298 3400 410 3450 alienum
422 3407 463 3449 est
478 3399 510 3448 ab
527 3400 657 3459 oratione;
674 3399 768 3449 etenim
780 3412 898 3449 comma«
912 3400 945 3450 de
956 3399 1074 3450 omuibus
1082 3399 1160 3449 rebus
1174 3419 1184 3441 ι
1198 3410 1212 3447 a
1225 3396 1304 3447 verbo
1316 3396 1366 3445 du-

297 3490 396 3539 cerendi
404 3490 510 3552 pendet.
526 3489 639 3538 llalmius
649 3488 713 3552 legit
729 3488 881 3538 dubitantem
892 3489 961 3552 quod
973 3501 1025 3537 non
1043 3487 1179 3547 satisfaciu
1192 3500 1242 3537 non
1254 3486 1305 3536 dici
1318 3499 1367 3548 po-

297 3585 350 3630 test
363 3600 374 3622 ι
387 3579 546 3629 consuetudo
557 3579 677 3629 dubitans
691 3592 717 3640 ις
729 3578 876 3640 dicendum,
885 3578 912 3627 ni
923 3577 1005 3639 iallor,
1018 3577 1156 3635 dubitandi,
1168 3576 1236 3640 quod
1244 3575 1270 3624 b.
1284 3575 1301 3623 l.
1315 3588 1366 3624 nou

301 3669 431 3721 convenit.

329 3758 360 3820 V,
378 3758 390 3821 ᾖ
405 3756 445 3806 at.
462 3758 533 3807 lianc
544 3757 712 3820 sententiam,
728 3757 754 3806 in
770 3757 854 3807 media
872 3770 917 3807 sua
933 3756 1049 3807 oratione
1067 3755 1223 3818 allegisset,
1244 3751 1366 3815 repudia-

299 3854 384 3896 turum
396 3845 476 3896 luisse
495 3852 611 3896 nostrum
627 3846 780 3908 scriptorem
795 3845 927 3908 suspicor:
943 3845 1023 3894 «llam
1035 3844 1115 3894 virtus
1127 3844 1152 3892 in
1164 3843 1242 3893 animi
1253 3841 1328 3891 bonis
1340 3847 1367 3889 et

297 3934 414 3996 corporis
429 3934 555 3994 cernitur,
568 3933 631 3983 etin
643 3933 795 3996 quibusdam
807 3946 865 3996 quae
876 3947 928 3983 non
946 3940 997 3983 tam
1015 3938 1112 3981 naturae
1126 3945 1202 3995 quam
1213 3931 1295 3980 beatae
1310 3929 1366 3977 rita

299 4022 419 4072 adiuncta
431 4030 499 4071 sunt.
511 4042 521 4064 »
537 4022 601 4072 llale
618 4035 649 4072 ex
661 4022 694 4071 iis
705 4034 761 4086 quae
773 4023 850 4072 modo
860 4022 927 4072 dicta
939 4028 1000 4071 sunt
1010 4020 1131 4077 nectitur,
1143 4019 1275 4081 scriptoris
1286 4017 1367 4067 menti

298 4122 349 4159 non
361 4109 491 4169 convenit,
503 4110 626 4160 orationis
642 4110 736 4160 seriem
746 4109 848 4170 turbat3
861 4109 887 4159 in
897 4110 954 4172 eius
965 4108 1075 4159 lectione
1086 4108 1242 4158 dissentiunt
1252 4107 1365 4167 codices,

301 4198 411 4248 uixdum
424 4197 558 4260 perspicua
569 4196 634 4248 iacta
646 4206 687 4249 est
696 4199 845 4249 criticorum
856 4197 1057 4257 tentaminibus;
1069 4209 1099 4247 ea
1110 4197 1204 4246 omissa
1215 4196 1279 4245 nibil
1291 4194 1367 4257 quic-
