3325 5159
556 593 599 652 lle
617 605 802 652 nrrrusrronn
820 594 856 665 ll,
875 607 987 665 riv-xxi,
1007 596 1106 655 tt-te.
1312 598 1364 655 inl

300 731 361 797 quia
374 732 414 782 tis
428 732 505 783 verbo
517 732 655 795 oonttnpere
666 731 787 783 contenit
797 732 998 796 notioputendi;
1011 733 1113 798 quodsi
1128 734 1216 794 meris,
1229 735 1365 799 legendum

299 826 360 871 est:
374 820 598 885 «arboribusque,
612 828 640 870 ut
652 820 768 883 hiemali,
781 828 831 871 eto.
842 858 848 871 .
859 858 881 871 ..
894 829 1016 885 putentur
1029 842 1051 881 ι,
1064 824 1098 874 ita
1106 833 1134 874 ut
1141 825 1315 888 respondente
1325 839 1366 877 os·

301 909 414 974 treisque
426 918 452 960 et
463 910 604 975 conchyliis
617 929 639 961 n.
654 912 773 962 Fortasse
785 911 891 962 verbnm
902 913 963 963 cont
975 913 1085 964 debetur
1096 914 1186 966 lectori
1197 928 1272 980 quem
1280 915 1365 981 lugie-

302 1003 346 1053 bat
357 1014 449 1053 sensus
461 1000 533 1052 uerbi
542 1004 668 1067 putentur.
680 1026 712 1035 —
731 999 795 1051 llere
814 1008 902 1051 monet
918 1003 945 1051 c.
958 1002 986 1051 i.
999 1003 1038 1052 W.
1052 1003 1141 1054 itnller
1160 1004 1295 1068 legendnm
1307 1018 1364 1056 esse

300 1093 453 1148 senescente,
466 1102 503 1139 sc.
517 1088 584 1140 tuno.
598 1088 640 1138 Sic
654 1088 738 1139 omitti
749 1096 836 1161 potest
846 1103 912 1150 corn,
924 1097 951 1140 et
969 1090 1190 1155 legendumne,
1203 1093 1320 1155 prosint.
1333 1121 1364 1130 -

300 1178 364 1242 534.
378 1178 472 1242 Legem
483 1190 540 1227 eum
552 1178 667 1227 llosero:
681 1194 693 1221 e
706 1189 755 1240 qua
766 1190 799 1227 ex
810 1179 955 1241 coornatione
969 1186 1063 1229 uaturae
1073 1198 1094 1241 r,
1106 1176 1154 1243 'pro
1166 1178 1233 1245 utlg.
1246 1181 1364 1231 opnione·

300 1269 385 1325 ttone,·
400 1267 518 1332 quoniam
538 1266 632 1332 legitur
647 1279 723 1329 supra
735 1284 749 1312 r
761 1267 879 1331 cognatio
897 1268 1052 1318 naturalis».

333 1361 389 1423 xv,
403 1360 464 1424 535.
477 1359 606 1425 liquidem
614 1372 664 1409 non
678 1359 794 1423 intelligo
806 1359 866 1423 quid
878 1360 928 1421 sit,
946 1360 1079 1421 hocloco,
1092 1362 1130 1412 vis
1140 1362 1263 1421 sentienr,·
1274 1362 1364 1425 opinor

299 1452 437 1517 legendum
456 1463 514 1501 esse
527 1465 534 1498 ε
546 1468 560 1494 e
574 1450 625 1499 vim
643 1450 779 1513 quemdem
799 1450 914 1500 scientem
925 1457 1000 1514 atque
1012 1451 1123 1502 divinam
1137 1470 1158 1500 r.
1171 1452 1232 1503 Cod.
1246 1455 1275 1502 Α.
1288 1452 1365 1503 habet

299 1544 457 1592 umentem.
470 1566 501 1575 -
512 1540 524 1603 §
535 1538 575 1590 36.
588 1539 707 1603 Sequitur
720 1538 849 1588 Batulum
862 1538 989 1603 legentem
1001 1539 1181 1600 inveniremini,
1190 1554 1236 1603 pro
1248 1540 1316 1605 vulg.
1325 1541 1365 1591 in-

299 1636 445 1688 uenturum,
459 1629 550 1679 Baiter.
564 1628 590 1678 iu
601 1627 643 1679 ed.
664 1628 732 1692 Lips.
747 1655 776 1665 -
788 1627 802 1691 §
814 1627 854 1678 et.
875 1627 1008 1691 ingeniose
1027 1628 1138 1693 conjecit
1161 1628 1269 1693 iladvig.
1289 1642 1365 1682 uoces

300 1739 312 1762 ι
328 1719 415 1781 primae
427 1718 535 1767 vietimae
553 1736 565 1762 r
578 1717 728 1767 inserendas
740 1728 799 1767 esse
811 1715 868 1766 loco
880 1729 936 1766 uec.
950 1717 1099 1777 tristissimo,
1108 1718 1174 1781 quod
1185 1717 1316 1769 abundare
1329 1720 1365 1769 vi·

298 1808 338 1858 dit
348 1808 529 1871 liuttingcrus3
541 1818 597 1870 quae
608 1806 755 1870 conlectura
767 1804 790 1855 si
800 1805 965 1867 admittatur,
982 1813 1035 1856 tum
1047 1806 1200 1857 secludenda
1217 1820 1265 1862 vox
1276 1809 1362 1867 nortio,

299 1910 358 1961 quae
377 1896 493 1961 proximo
511 1908 586 1945 uersu
611 1894 714 1958 iegitur.
734 1895 913 1960 llottingernm
932 1894 1187 1959 Baiterussequitur,
1210 1902 1237 1946 et
1255 1896 1365 1948 secludit

301 1988 444 2038 tristissimo
455 1985 481 2036 in
494 1986 536 2036 ed.
549 1985 620 2048 Lips.
1178 1999 1182 2007 ·

332 2077 401 2139 lllll,
414 2076 427 2139 5
439 2077 478 2125 til.
491 2075 574 2126 italim
588 2074 674 2139 legere
691 2087 749 2125 cnm
770 2074 874 2125 Marso:
896 2077 957 2124 «nn
974 2074 1042 2137 qnod
1059 2074 1169 2139 adspexit
1182 2096 1208 2137 ι,
1228 2088 1274 2138 pro
1294 2076 1363 2140 vulg.

299 2167 448 2232 adspexerit.
465 2192 496 2203 -
518 2166 651 2216 Assentior
669 2165 697 2215 C.
717 2164 746 2213 li.
764 2165 804 2214 W.
825 2163 932 2215 llitllero
955 2163 1066 2229 legenti,
1079 2178 1124 2227 pro
1137 2164 1202 2228 vulg.
1217 2164 1275 2216 leet.
1297 2165 1365 2214 «in-

300 2256 393 2307 teritus
403 2261 480 2319 atque
492 2254 578 2306 obitus
591 2274 617 2313 ι,
632 2275 642 2298 ι
657 2260 811 2318 ortusatquc
819 2253 946 2318 obitus»,
959 2254 1169 2317 quenadmodum
1177 2255 1296 2306 conuenit
1306 2268 1363 2306 eum

302 2343 404 2409 iisque
414 2349 565 2407 sequuntur.
1201 2386 1203 2390 ,

329 2431 409 2494 xiil,
422 2432 434 2494 i
445 2432 486 2482 38.
504 2430 629 2482 christine
647 2436 737 2481 censet
750 2430 887 2495 legendum
899 2442 957 2481 esse
970 2445 977 2480 r
990 2448 1004 2477 e
1016 2430 1155 2481 nostnrum
1167 2445 1267 2481 coosorn
1284 2452 1305 2492 ι,
1318 2445 1364 2496 pro

298 2534 398 2580 cosum‚·
417 2520 455 2570 sic
472 2519 542 2571 edid.
556 2519 648 2571 Baiter.
664 2520 690 2569 in
702 2520 743 2570 ed.
759 2519 829 2583 lips.
841 2546 871 2558 -
890 2518 953 2583 5³9·
974 2518 1064 2570 lleiius
1082 2520 1205 2583 procedet
1221 2519 1318 2581 oratio,
1338 2520 1364 2570 ni

297 2611 386 2673 latior,
398 2611 421 2660 si
433 2611 504 2674 legas
516 2626 523 2659 r
538 2632 549 2653 «
564 2646 569 2657 .
581 2646 586 2658 .
599 2647 605 2658 .
616 2646 621 2658 .
634 2611 655 2662 si
667 2610 729 2660 milri
741 2621 822 2673 agnes
832 2609 948 2661 adfertur
962 2610 1103 2674 quiioleot
1111 2615 1170 2660 exta
1178 2608 1363 2662 rehusaccnm·
1441 2620 1445 2628 ·

298 2699 415 2761 mndata,
432 2700 539 2749 adeum
558 2711 650 2762 egnum
670 2712 720 2749 non
739 2710 801 2749 essu
811 2698 858 2749 sed
871 2700 936 2750 duce
950 2699 999 2751 deo
1019 2712 1109 2751 sersus
1119 2697 1270 2750 deducitur?
1282 2716 1306 2761 ι,
1318 2712 1364 2762 pro

301 2787 389 2853 vnlgg.
401 2787 432 2850 is,
445 2787 516 2838 iciet
527 2793 553 2838 et
566 2786 658 2838 omissa
671 2787 793 2854 particum
804 2792 830 2837 et
841 2796 900 2839 ante
914 2809 924 2832 ι
939 2789 1042 2840 adeum
1055 2807 1078 2839 r.

330 2876 400 2939 lllll,
412 2877 438 2940 §5
448 2877 535 2927 lis-tt.
549 2876 666 2928 Nonnihil
678 2876 853 2939 perturbatum
865 2876 946 2928 inisse
958 2877 1006 2928 lroe
1017 2886 1093 2943 caput
1104 2879 1179 2942 paulo
1190 2878 1312 2929 attentius
1323 2877 1364 2928 le-

298 2968 371 3033 genti
382 2965 457 3017 lacile
469 2966 577 3030 putente
591 2966 633 3015 cni
644 2964 787 3018 conlusieni
798 2966 836 3017 sic
851 2979 909 3017 esse
921 2967 1076 3018 medendum
1084 2968 1185 3031 opinor.
1197 2968 1257 3018 Post
1268 2966 1362 3018 serbe:

299 3078 311 3099 «
325 3056 351 3108 id
370 3070 428 3107 esse
443 3055 538 3106 inlmen
554 3076 576 3118 ι,
590 3062 671 3106 totum
684 3051 750 3105 linnc
762 3055 861 3117 locum,
874 3055 962 3118 paucis
972 3056 1084 3118 mutetis,
1102 3055 1250 3107 transierum
1263 3071 1270 3104 :
1283 3073 1296 3100 u
1308 3055 1363 3106 llon

300 3144 369 3193 enim
382 3150 407 3193 te
419 3150 480 3207 puto
492 3155 550 3193 esse
562 3155 621 3193 eum
632 3142 676 3206 qui
689 3142 739 3193 lori
751 3141 847 3193 iulmeu
858 3141 996 3193 fabricatos
1007 3156 1064 3195 esse
1076 3143 1196 3207 Cyclopes
1204 3142 1313 3193 inAEtue
1321 3156 1364 3205 pu·

299 3240 356 3293 tes;
369 3245 425 3283 nom
437 3240 506 3284 esset
518 3232 634 3284 mirabile
652 3245 703 3295 qno
721 3232 797 3307 mode
814 3231 843 3283 id
860 3231 972 3296 luppiter
984 3232 1079 3284 totiens
1090 3232 1199 3291 iaceret,
1215 3243 1363 3282 eumenum

298 3323 420 3387 hubent,
434 3335 481 3373 nec
495 3336 555 3373 vero
566 3322 630 3387 qood
639 3321 786 3373 fulminibus
797 3322 930 3385 nomines,
949 3322 1009 3387 quid
1028 3329 1073 3372 out
1085 3310 1226 3373 leniendum
1239 3329 1309 3373 essct
1319 3327 1363 3371 eut

298 3412 441 3463 carendum
453 3417 569 3462 moneret
582 3430 605 3461 s.
615 3411 664 3461 'Sic
676 3411 818 3463 Stoicorum
830 3412 950 3483 notiones
962 3411 1072 3476 physion
1084 3419 1227 3476 opportuno
1238 3410 1295 3462 loco
1306 3422 1363 3462 ruer

299 3507 441 3563 monetur,
453 3512 500 3550 nec
513 3499 640 3564 religiosae
650 3500 840 3563 superstitionis
851 3501 1045 3563 interrumpitur
1056 3499 1184 3552 refutatio.

332 3590 389 3652 xx,
402 3588 466 3652 siti.
478 3587 558 3652 lingis
565 3595 765 3640 consentaneum
771 3589 846 3639 Tullii
857 3589 938 3640 menti
949 3590 1011 3640 milii
1024 3589 1123 3640 videtur
1135 3590 1237 3653 legere:
1253 3609 1262 3632 ι
1274 3588 1362 3639 Freter

298 3692 342 3735 es,
354 3690 387 3729 eo
398 3692 441 3727 serr
452 3691 501 3742 ego
513 3690 563 3727 nou
576 3690 667 3727 vereor
679 3696 708 3739 rr,
720 3677 807 3729 addito
818 3692 881 3738 nou,
902 3686 929 3730 nt
950 3678 1051 3730 rolebet
1062 3678 1210 3737 scintulos,
1222 3690 1254 3728 cx
1266 3677 1362 3727 reteri-

298 3766 348 3817 bns
373 3765 454 3816 libris.
473 3792 504 3801 —
521 3765 627 3816 Rutilius
645 3765 735 3817 velit«
760 3768 905 3817 cumcuim
929 3766 1088 3831 iutelligeres
1102 3780 1131 3827 »3
1156 3766 1259 3829 llayscr.
1286 3764 1361 3828 «qui

299 3854 368 3905 euim
380 3854 539 3918 iutelligeres
552 3868 578 3915 ·;
592 3867 640 3918 ego
649 3866 710 3906 vero
718 3854 804 3906 malim
818 3876 828 3899 ·
842 3856 886 3919 qui
897 3856 965 3906 enim
978 3855 1122 3919 intelligens
1136 3874 1162 3917 r,
1175 3866 1220 3903 sen
1230 3874 1241 3897 a
1251 3852 1293 3916 qui
1305 3865 1362 3903 cum

301 3942 461 4007 intelligeres
474 3961 496 3989 s.
510 3942 576 3992 llilril
588 3947 672 3993 tamen
683 3940 789 3994 effendit
800 3943 825 3994 in
839 3942 906 4007 vulg.
922 3963 932 3986 «
947 3944 1015 4008 qttod
1027 3943 1096 3993 enlm
1108 3942 1265 4005 intelligeres
1281 3961 1301 3987 s.
1370 4009 1373 4016 Ι

330 4032 401 4094 xxi,
414 4033 426 4095 §
437 4033 477 4082 ll.
490 4031 543 4083 Nou
554 4032 617 4083 setis
628 4031 709 4097 liquet
719 4032 781 4097 quid
794 4033 819 4083 h.
833 4032 852 4082 l.
866 4033 1098 4091 roleatoetostum,
1112 4031 1263 4097 ctqrroniam
1276 4030 1308 4082 de
1320 4044 1362 4094 pe·

300 4122 381 4173 ricrrlo
393 4123 492 4185 agitur,
504 4122 594 4187 opinor
605 4122 740 4187 legendum
751 4134 810 4174 esse
824 4138 831 4171 ε
847 4143 856 4166 ι
870 4123 932 4188 qnid
944 4122 1038 4172 habeut
1046 4120 1230 4172 observandum
1241 4132 1271 4171 ac
1282 4124 1363 4170 mettr-

298 4211 414 4261 endrrrn?
427 4232 437 4253 ·
450 4211 588 4262 llarltlend.
601 4212 704 4276 legebat
716 4227 723 4260 ι
736 4232 747 4256 ι
761 4212 823 4277 quid
840 4212 935 4262 hebent
947 4210 1141 4262 observandum.
1155 4212 1187 4261 nt
1206 4215 1279 4260 retus
1289 4246 1297 4270 ‚
1309 4216 1362 4259 tum

300 4302 327 4351 Ρ.
340 4302 370 4350 it.
383 4315 410 4351 u.
425 4322 435 4344 ι
453 4328 484 4338 -
495 4300 510 4366 S
520 4302 559 4353 ⁴8.
581 4302 635 4353 lion
646 4302 762 4353 dubitem
781 4301 822 4353 hic
842 4302 929 4367 legere
941 4301 1073 4360 Positetr'o,
1094 4300 1215 4357 Positelc,
1228 4305 1256 4349 ut
1268 4298 1361 4348 luctum

299 4397 341 4442 cst
352 4390 377 4453 l,
393 4389 409 4456 5
426 4389 468 4453 te,
487 4402 519 4442 ex
536 4389 657 4455 opinione
669 4391 874 4443 doctissimorum
893 4390 1013 4442 virorum.
1032 4388 1111 4440 lilmis
1129 4387 1243 4453 religiosi
1260 4386 1363 4438 tnerunt
