3325 5159
344 662 396 719 lli
714 660 841 730 Lusius,
862 671 938 730 n·vr,
954 659 1031 717 frio.

340 797 394 849 lere
405 798 553 858 codicibus;
565 799 633 862 quod
645 798 763 862 equidem
775 797 841 848 hand
854 796 980 859 improbo.
995 798 1074 847 Abest
1086 796 1137 860 feci
1148 796 1174 846 in
1187 796 1283 859 optimo
1291 797 1349 847 cod.
1358 796 1408 845 Pa-

341 888 443 939 rislensi
455 889 596 939 liidotiano.
610 914 642 926 -
652 890 664 950 5
676 890 700 937 5.
712 888 861 938 Ciceronem
874 887 1009 949 scripsisse
1026 886 1143 949 suspicor
1156 902 1162 933 :
1178 906 1189 929 ι
1203 886 1276 935 cuius
1294 892 1345 935 tota
1357 887 1409 935 ono

342 985 382 1028 est
393 978 530 1041 disputatio
547 978 579 1028 de
597 977 707 1027 amicitia
722 997 744 1039 ι,
764 985 792 1027 ιιι
810 977 891 1027 alibi:
913 977 983 1027 «erit
999 975 1100 1026 abunde
1116 974 1272 1026 satisfactum
1291 977 1336 1026 toti
1352 977 1408 1025 huic

342 1065 475 1130 quaestioni
489 1085 510 1113 ι.

374 1155 403 1211 ll,
416 1155 428 1216 5
440 1155 463 1204 6.
482 1153 600 1204 Omittam
613 1155 692 1212 modo,
708 1161 764 1215 post
777 1174 787 1195 ι
802 1153 962 1203 tribuebatur
974 1152 1023 1203 hoc
1039 1168 1067 1212 »3
1081 1166 1131 1202 non
1143 1152 1224 1202 solum
1236 1151 1349 1201 abundat
1360 1151 1405 1201 sed

344 1251 440 1294 textum
452 1245 598 1308 ambiguum
611 1251 722 1307 praestat.
735 1244 854 1294 Fortasse
866 1252 947 1293 ortum
961 1250 1038 1293 estex
1047 1255 1115 1293 nom.
1125 1242 1217 1293 Murco.
1226 1269 1257 1277 -
1265 1242 1278 1305 5
1287 1245 1309 1289 7.
1320 1242 1408 1306 Neque

343 1345 443 1397 parcam
456 1333 542 1382 serbis
556 1354 566 1375 ι
580 1332 630 1382 alio
642 1333 750 1396 quodam
763 1333 839 1383 nmdo
852 1351 875 1394 o,
897 1339 954 1395 post
969 1339 1017 1381 rte
1032 1340 1118 1382 autem
1134 1352 1156 1394 »,
1174 1344 1230 1395 quae
1247 1331 1407 1381 incommoda

340 1430 409 1480 sunt,
421 1422 539 1485 qnoniam
551 1434 633 1485 genus
644 1421 776 1484 sapientice
788 1422 855 1485 quod
869 1421 939 1480 sitin
953 1421 1030 1471 Laelio
1042 1420 1179 1479 delinitur3
1192 1420 1280 1470 hausta
1298 1428 1358 1470 sunt
1374 1434 1406 1470 ex

342 1512 431 1562 eadem
442 1510 550 1561 lormula
561 1522 617 1574 quae
629 1522 704 1572 supra
718 1510 827 1574 legitur,
841 1508 948 1560 fortasse
961 1503 1114 1573 erpnlerunt
1126 1509 1232 1559 verbum
1249 1509 1322 1573 quale
1332 1511 1408 1559 ωλι-

343 1596 442 1656 tlmant,
455 1598 574 1654 iudicant,
588 1597 656 1661 quod
674 1597 811 1661 requiritur
829 1604 857 1647 et
876 1597 949 1660 cujus
968 1596 1064 1646 additio
1082 1595 1239 1650 ἀνακόλουθον
1254 1595 1363 1647 tolleret.
1375 1624 1408 1633 -
1450 1649 1453 1655 ,

343 1681 434 1732 Baiter.
446 1682 472 1732 in
485 1683 527 1733 ed.
541 1683 609 1746 Lips.
624 1704 634 1726 «
649 1684 673 1732 in
687 1683 782 1747 reliqua
794 1682 837 1732 Gr.
853 1702 875 1731 r.
887 1711 919 1719 —
933 1682 1002 1733 ldem
1014 1682 1076 1733 ibid.
1093 1696 1171 1733 «eum
1184 1683 1281 1746 quidem
1297 1682 1373 1732 etiarn
1385 1702 1407 1729 ι.

342 1800 373 1809 -
384 1772 468 1823 Uncus
479 1772 571 1836 quibus
583 1771 692 1823 Orellius
703 1785 796 1822 nomen
808 1771 916 1823 Seoeoolu
927 1772 1076 1834 incluserat,
1090 1778 1148 1836 post
1161 1772 1254 1823 rerba:
1270 1771 1367 1821 «credo
1375 1785 1407 1821 ex

343 1862 391 1912 boc
404 1863 465 1911 item
478 1882 500 1923 ι,
513 1861 615 1912 sustulit
627 1862 749 1920 Halmius,
761 1862 829 1925 qnod
850 1861 943 1912 nollem
961 1861 1062 1912 lactum.
1078 1888 1104 1899 —
1118 1863 1165 1925 58.
1180 1862 1250 1912 Hand
1268 1869 1329 1926 puto
1345 1862 1409 1911 Tul-

343 1950 403 2000 lium
415 1950 564 2013 scripsisse:
580 1950 771 2001 «valetudinem
784 1951 928 2013 respondeo
940 1963 1059 2000 causam·
1072 1965 1079 2012 3
1093 1951 1232 2014 preterito,
1241 1951 1341 2014 opinor,
1351 1956 1409 2013 post

343 2038 463 2100 adfuisses
476 2052 537 2089 usus
548 2046 628 2101 esset,
644 2047 670 2088 et
686 2039 755 2089 aliud
771 2040 877 2089 verbum
893 2039 961 2103 qnod
978 2040 1068 2089 lectori
1083 2039 1277 2103 intelligendum
1294 2038 1408 2103 reliquit,

343 2129 417 2193 quale
428 2129 558 2192 affirmavi,
570 2129 725 2192 scripsisset.
738 2126 863 2177 Omiserat
874 2127 984 2178 Orellius
995 2129 1135 2193 respondeo,
1148 2128 1215 2192 quod
1228 2127 1342 2178 Halmius
1357 2129 1410 2178 inr-

313 2238 327 2262 0
344 2219 482 2278 prudenter
499 2218 619 2268 restituit.
632 2245 663 2253 -
675 2217 723 2280 59.
741 2217 810 2267 ldem
828 2216 896 2266 bene
911 2216 1031 2267 Orellium
1047 2218 1161 2268 desernit
1178 2217 1325 2281 legentem:
1341 2238 1351 2260 ι
1366 2219 1409 2281 qui

344 2307 406 2356 mibi
419 2314 515 2357 tantum
528 2306 605 2356 tribui
620 2306 685 2357 dicis
698 2325 721 2367 u,
735 2320 781 2369 pro
792 2307 868 2357 codd.
882 2307 991 2365 lectione
1003 2308 1074 2371 qrtod.

375 2395 418 2456 lll,
431 2394 496 2459 51l.
514 2395 631 2445 Omittam
643 2396 755 2461 putabat,
774 2402 831 2459 post
849 2417 859 2438 ι
874 2396 941 2460 quod
960 2396 1002 2446 ille
1019 2396 1123 2447 minime
1137 2411 1167 2458 »3
1184 2397 1240 2447 scil.
1253 2380 1363 2461 optabat.
1377 2424 1418 2446 —.

343 2485 388 2536 Vix
402 2493 487 2548 putem
500 2486 576 2536 latine
588 2485 639 2536 dici
652 2499 726 2548 posse
741 2507 751 2529 ι
764 2485 831 2536 bella
844 2486 931 2536 delere
945 2506 966 2544 ι,
979 2487 1046 2549 quod
1059 2486 1091 2536 de
1104 2487 1222 2547 Scipione
1235 2486 1339 2549 quidem
1357 2500 1407 2536 non

345 2590 431 2626 rerum
443 2583 499 2635 est;
511 2576 593 2640 legam
605 2576 718 2626 desuevit.
727 2601 758 2611 -
769 2576 853 2626 llalim
866 2576 973 2640 «inqua
986 2578 1062 2626 etiarn
1075 2580 1132 2626 tunc
1145 2583 1199 2627 erat
1211 2576 1296 2639 Scipio
1311 2597 1333 2633 »,
1349 2589 1406 2625 curn

343 2666 464 2727 victorio,
477 2666 633 2729 approbante
646 2666 753 2728 Halmio,
765 2667 809 2730 qni
821 2674 906 2716 tamen
918 2680 967 2717 non
981 2668 1175 2730 obtemperarit.

375 2754 415 2815 lv,
428 2754 440 2816 5
454 2754 491 2803 l3.
510 2755 563 2804 Non
575 2754 690 2818 intelligo
701 2755 839 2818 quomodo,
854 2762 968 2818 tempore
984 2755 1064 2816 Laelii,
1084 2756 1117 2806 de
1134 2768 1223 2819 magna
1243 2755 1338 2805 Graecia
1356 2756 1408 2807 dici

345 2843 444 2905 possit:
457 2856 618 2906 uquaenunc
636 2844 739 2907 quidem
758 2843 835 2893 deleta
854 2851 902 2902 est,
921 2849 975 2893 tum
994 2844 1101 2894 llorebat
1115 2857 1143 2905 ις
1163 2843 1279 2906 suspicor
1297 2843 1407 2894 Tullium

343 2933 477 2996 scripsisse
489 2932 569 2996 effeto,
582 2934 649 2997 quod
663 2933 754 2983 melius
766 2946 823 2982 cum
836 2933 915 2984 verbo
927 2933 1029 2996 florebat
1040 2936 1170 2985 contenit.
1188 2933 1260 2985 Conl.
1273 2934 1334 2985 Cato
1346 2935 1407 2997 maj.

344 3019 358 3085 5
369 3020 409 3071 29.
422 3048 452 3057 —
465 3021 573 3071 Putscbe
587 3021 627 3086 (in
639 3020 729 3072 Pbilol.
741 3020 795 3083 llll,
809 3035 832 3084 p.
846 3021 906 3086 300)
919 3030 1008 3073 censet
1019 3023 1155 3086 legendum
1167 3036 1224 3074 esse
1236 3024 1276 3073 cui
1289 3023 1359 3085 (scil.
1370 3038 1407 3073 ot-

343 3109 441 3173 detur]‚
453 3123 499 3173 pro
511 3111 579 3175 vulg.
591 3111 642 3175 qui,
655 3118 713 3174 post
723 3111 800 3160 rerba
814 3131 824 3153 ‹
839 3117 879 3161 est
891 3111 1017 3161 iudicatus
1031 3126 1060 3172 ·;
1075 3132 1085 3154 «
1099 3124 1155 3175 quae
1167 3109 1323 3174 conjectura,
1336 3112 1408 3162 addit

344 3199 465 3261 Halmius,
479 3200 512 3249 ita
524 3199 625 3250 videtur
642 3199 780 3262 probanda,
799 3206 828 3249 ut
844 3199 992 3270 deinde‘utt'
1010 3199 1088 3265 (utel)
1102 3202 1225 3265 plerisque
1243 3201 1406 3252 scribatur».

343 3287 467 3353 Equidem
480 3303 530 3338 non
542 3288 624 3339 solum
636 3288 748 3339 libenter
759 3287 894 3353 suffragor,
907 3290 953 3339 sed
966 3290 1042 3339 etiarn
1055 3289 1160 3340 verbum
1168 3292 1270 3349 ridetur,
1280 3290 1409 3353 interple-

342 3378 522 3443 superesset,
537 3378 663 3429 excidisse
675 3378 807 3440 suspicor;
820 3378 889 3442 quod
899 3377 975 3428 -lacile
988 3378 1021 3428 ob
1033 3380 1212 3442 compendium
1220 3379 1323 3429 solitum
1332 3378 1408 3441 hujus

344 3467 415 3517 verbi
427 3466 482 3516 lieri
495 3467 584 3529 potuit.
598 3467 701 3531 Kayser.
715 3467 776 3517 velit
790 3468 856 3517 «sed
868 3467 936 3517 idem
948 3480 1050 3530 semper
1061 3468 1187 3518 uidebatur
1195 3486 1217 3515 o.
1225 3495 1257 3506 -
1268 3468 1280 3530 5
1291 3468 1330 3517 lt.
1345 3467 1407 3517 For·

344 3563 412 3607 tasse
423 3556 512 3606 Cicero
523 3555 624 3618 scripsit
637 3570 643 3604 ι
657 3573 670 3601 n
684 3556 756 3605 cuius
773 3554 953 3618 disputationis
970 3555 1029 3618 fecit
1049 3563 1190 3607 extremum
1205 3577 1226 3613 ι,
1247 3570 1297 3620 quo
1315 3556 1407 3605 melius

343 3647 470 3709 Scipionis
480 3652 592 3695 mentem
603 3645 768 3708 exprimeret,
784 3646 828 3709 qui
840 3659 892 3696 non
903 3659 973 3705 casu,
986 3647 1032 3697 sed
1043 3647 1161 3705 consilio,
1170 3646 1367 3710 disputationem
1375 3646 1406 3695 de

343 3734 482 3797 Republica
498 3734 643 3784 terminarit
659 3734 759 3797 agendo
776 3734 808 3784 de
827 3733 1016 3785 immortalitate
1034 3735 1186 3785 animorum.
1198 3763 1229 3771 -
1241 3736 1304 3797 516.
1324 3734 1406 3785 Verba

344 3842 357 3869 α
370 3838 428 3875 cum
445 3837 478 3874 ex
496 3829 521 3873 te
542 3830 689 3886 quaeruntur
705 3836 750 3873 seu
768 3824 889 3887 quaeritnr
903 3844 925 3886 »,
945 3824 1007 3874 mibi
1026 3826 1111 3888 spuria
1130 3825 1258 3876 videntur.
1275 3851 1306 3861 -
1324 3824 1406 3874 Verba

345 3935 355 3959 ι
370 3920 515 3978 pergratum
528 3913 578 3964 erit
591 3933 613 3975 r,
627 3919 684 3976 post
698 3934 708 3955 ε
722 3913 784 3962 mibi
793 3927 855 3980 vero
868 3932 892 3973 u,
903 3927 959 3977 quae
970 3913 1074 3973 Orellio‚
1088 3914 1177 3964 Beiero
1193 3914 1299 3976 aliisque
1311 3912 1408 3962 criticis

342 4017 374 4054 ex
386 4003 540 4068 glossemate
552 4009 607 4052 orta
619 4015 677 4052 esse
689 4002 850 4064 ridebantur,
864 4003 968 4053 sustulit
979 4002 1093 4054 Halmius
1107 4018 1114 4063 ;
1132 4016 1182 4054 non
1194 4003 1287 4053 absunt
1302 4014 1315 4052 a
1333 4003 1407 4052 codi-

342 4092 424 4151 cibus,
436 4093 481 4144 sed
495 4092 564 4142 sario
576 4091 653 4142 modo
665 4092 690 4141 in
704 4092 735 4141 iis
746 4092 887 4155 perscripta
901 4099 969 4142 sunt.

371 4181 413 4240 vl,
425 4182 437 4244 5
447 4180 486 4232 20.
505 4182 558 4231 Non
569 4180 675 4232 dubium
686 4180 795 4244 geminae
806 4180 993 4232 enunciationis
1005 4181 1140 4244 vestigium
1153 4181 1275 4231 exhibere
1288 4181 1350 4230 mibi
1363 4181 1404 4230 ri-

342 4272 418 4322 detur
429 4284 458 4321 ea
471 4271 606 4328 sententia,
618 4271 645 4320 in
656 4283 705 4335 qua
717 4271 814 4321 baerent
825 4270 938 4321 editores
950 4285 957 4318 ι
973 4291 983 4313 ι
997 4284 1046 4334 qua
1058 4270 1161 4334 quidem
1172 4271 1239 4321 haud
1251 4270 1305 4321 scio
1315 4283 1347 4320 an
1360 4284 1406 4321 ex-

343 4370 414 4426 cepta
427 4361 549 4425 sapientia
562 4361 625 4411 nibil
636 4361 770 4425 quicquam
782 4360 874 4411 mellus
885 4360 920 4411 sit
930 4360 1076 4411 bominibus
1087 4374 1100 4410 a
1113 4361 1154 4411 dls
1164 4360 1349 4410 immortalibus
1360 4360 1407 4411 da-

344 4458 398 4501 tum
411 4449 542 4510 cluilius
553 4448 607 4499 lere
617 4448 655 4499 sic
667 4449 737 4512 prins
749 4450 906 4512 scripserat:
927 4471 937 4493 ι
951 4461 1000 4513 qua
1017 4448 1128 4513 quidem,
1148 4455 1254 4512 excepta
1270 4447 1406 4511 sapientia,
