3325 5159
307 522 343 579 at
553 520 594 575 lta
608 530 722 575 rvuvnus
735 530 873 574 nononuu
888 517 936 586 ΙΙΙ,
950 530 1026 586 ru-v,
1042 518 1119 574 ota.

233 710 237 716 ,
308 661 363 709 lens
372 680 394 720 ι,
407 659 547 709 omittendo
559 658 605 707 vir.
618 684 648 692 -
665 655 712 718 §a
733 655 851 704 Fortasse
863 654 998 718 legendum
1013 670 1019 701 :
1035 676 1044 697 ι
1059 655 1101 704 Sic
1112 655 1143 703 rit
1155 667 1204 704 seu
1215 654 1253 705 sic
1265 658 1331 707 esto.
1344 662 1370 703 et

305 749 407 812 quidem
419 747 576 809 diligentius,
589 754 638 795 etc.
654 765 666 787 υ
678 744 817 794 Lambinus
828 741 930 806 legebat
944 759 951 791 ι
966 764 975 785 ι
990 743 1031 792 Sic
1043 751 1084 792 est
1094 763 1116 790 ι.

338 837 379 896 ΙΙΙ,
392 837 451 898 §lh
465 836 568 885 Multum
581 833 701 887 differunt
711 833 815 882 codices
826 832 852 881 in
864 845 896 881 eo
908 831 1107 894 responsoquod
1120 831 1157 879 sic
1171 830 1253 881 edidit
1261 831 1369 880 hatten:

309 949 319 970 «
335 928 422 989 Egone
434 925 542 990 quaeris,
562 923 659 987 inquit,
672 922 732 985 quid
745 921 851 971 sentiam
866 941 887 967 ι.
900 920 995 983 Optimi
1007 919 1102 969 hahent
1118 919 1235 983 inquom,
1255 918 1369 982 plerique

307 1017 368 1064 scire
378 1016 436 1079 quid
446 1016 568 1066 aeratinmr
582 1012 648 1062 unde
661 1010 775 1073 suspicer
787 1010 935 1061 Ciceronem
947 1008 1098 1071 scripsisse:
1113 1008 1242 1072 «Egone‘i
1254 1008 1338 1071 inquit
1348 1028 1369 1068 »‚

307 1105 440 1167 etreliqua
453 1112 507 1153 orta
527 1115 584 1151 esse
600 1114 631 1149 ex
645 1100 824 1151 additamentis
841 1099 1032 1148 sclioliastarum
1044 1097 1141 1147 haustis
1153 1111 1183 1146 er
1204 1097 1290 1159 priore
1308 1109 1371 1145 seu·

308 1193 396 1243 tentia.
408 1219 439 1229 -—
450 1191 525 1240 Multa
539 1190 700 1253 negligentiae
712 1189 782 1252 signa
796 1188 858 1238 vidit
875 1187 1015 1251 Madvigius
1026 1187 1051 1235 in
1064 1200 1093 1236 ea
1106 1186 1232 1235 sententia
1244 1198 1320 1249 quam
1333 1186 1370 1234 sic

307 1281 388 1330 edidit
400 1280 491 1328 Baiter.
505 1293 511 1325 ε
530 1297 543 1321 «ι
556 1279 653 1326 Ceterae
665 1275 871 1338 philosophorum
884 1274 1025 1337 disciplinae
1037 1274 1140 1324 omnino
1152 1273 1198 1322 alia
1211 1273 1293 1336 magis
1304 1272 1370 1332 alia,

306 1369 352 1418 sed
366 1375 448 1417 tamen
460 1380 550 1416 omnes
568 1378 624 1427 quae
640 1379 694 1413 rem
713 1364 788 1413 ullam
801 1364 902 1413 virtutis
915 1366 941 1382 ··
962 1370 1092 1425 expertem
1109 1371 1153 1411 aut
1165 1362 1190 1410 in
1203 1361 1333 1411 honisaut
1345 1362 1370 1410 in

308 1456 381 1505 malis
392 1463 541 1514 numerent,
560 1468 604 1505 eas
616 1468 666 1504 non
679 1454 754 1503 niodo
766 1453 828 1502 nihil
841 1454 961 1503 adiuvere
978 1452 1089 1502 avhitror
1101 1465 1183 1514 neque
1194 1450 1217 1515 †
1227 1450 1370 1513 affirmare,

308 1559 358 1609 quo
378 1545 496 1594 meliores
514 1545 609 1601 simus,
627 1543 674 1593 sed
690 1543 769 1604 ipsam
786 1543 924 1604 depravare
943 1549 1057 1590 naturam
1070 1560 1092 1588 t.
1114 1540 1237 1603 Equidem
1249 1539 1371 1589 iisnaevis

308 1633 404 1683 mederi
420 1632 530 1693 tentavi,
550 1632 658 1695 geminae
676 1631 847 1680 translationis
863 1644 926 1692 ope,
943 1639 970 1679 et
983 1629 1132 1679 vocabulum
1151 1628 1274 1678 omissum
1293 1629 1372 1677 resti-

309 1722 419 1780 tuendo;
432 1722 469 1771 sic
482 1722 563 1784 legam
578 1736 583 1767 ι
599 1722 720 1770 «Cetera
740 1718 948 1781 philosophorum
967 1717 1123 1779 disciplinae,
1142 1716 1191 1769 alia
1207 1716 1290 1779 magis
1305 1716 1371 1777 alia,

308 1811 355 1861 sed
367 1819 450 1859 tamen
461 1823 551 1859 omnes
569 1823 625 1872 que
644 1822 697 1858 rem
716 1809 790 1857 ullam
808 1807 909 1856 omnino
923 1807 1024 1857 virtutis
1042 1815 1174 1868 expertem
1191 1806 1216 1854 in
1233 1805 1308 1856 bonis
1326 1813 1373 1857 aut

309 1900 359 1949 vitii
375 1900 399 1949 in
414 1900 486 1949 malis
498 1905 632 1948 numerent
648 1898 655 1956 l
664 1898 715 1947 vitii
726 1898 794 1961 quod
807 1896 958 1947 restituebat
973 1897 1056 1946 liaris.
1076 1895 1138 1945 latet
1156 1896 1182 1944 in
1200 1895 1282 1945 altero
1295 1898 1371 1957 out),

308 2001 353 2038 eas
371 2002 421 2039 non
441 1988 516 2037 modo
531 1986 594 2035 nihil
613 1986 733 2036 adiuvare
748 1986 858 2035 arhitror
869 1999 919 2049 quo
938 1986 1059 2035 meliores
1073 1986 1169 2047 simus,
1183 1998 1265 2047 neque
1277 1983 1373 2033 coufir-

309 2089 389 2134 mare‚
401 2076 447 2125 sed
459 2076 540 2138 ipsam
551 2076 691 2138 depravare
703 2082 826 2123 naturam.
841 2092 854 2118 t

342 2165 381 2227 ΙΙΙ,
398 2164 459 2225 §ta
471 2164 529 2213 llaec
541 2164 631 2226 oratio,
645 2163 727 2227 inquit
738 2163 894 2225 Madvigius:
908 2184 918 2206 t
930 2163 971 2213 Sic
983 2171 1178 2225 eraequaverunt
1190 2169 1218 2211 ut
1236 2162 1263 2212 in
1275 2170 1374 2212 utram-

310 2269 359 2317 que
372 2262 469 2317 partem
486 2255 518 2304 ita
533 2254 600 2316 paria
613 2254 760 2314 redderent,
774 2253 809 2302 uti
821 2253 888 2302 nulla
900 2253 1040 2303 selectione
1053 2259 1196 2312 uterentur,
1210 2251 1235 2299 hi
1249 2252 1371 2301 virtutem

311 2342 390 2404 ipsam
409 2343 600 2399 sustulerunt»,
618 2356 669 2392 non
680 2350 752 2391 caret
766 2340 834 2403 justa
848 2342 1057 2405 reprehensione.
1081 2341 1132 2401 Qua
1152 2340 1257 2390 liberari
1272 2341 1372 2403 possit,

284 2486 292 2491 ..
311 2432 412 2493 opinor,
425 2445 486 2494 pace
497 2432 530 2482 cl.
545 2432 696 2493 vindicam,
709 2432 731 2481 si
742 2431 832 2495 legas:
848 2452 858 2474 ι
871 2432 919 2481 isto
932 2431 999 2493 paria
1012 2431 1158 2488 redderent,
1171 2435 1195 2480 et
1207 2431 1273 2480 nulla
1285 2431 1373 2481 selec·

311 2520 379 2571 tione
392 2529 532 2572 uterentur.
545 2541 555 2561 »
568 2522 675 2571 Codices
686 2522 755 2570 errim
767 2521 870 2569 minime
882 2522 1054 2582 consentiunt,
1067 2520 1179 2584 quidam,
1193 2521 1212 2570 B
1224 2522 1250 2581 Ε,
1264 2520 1373 2581 hahent,

310 2614 333 2659 et
344 2624 390 2672 pro
403 2616 445 2668 ut,
461 2610 529 2673 quod
546 2617 629 2659 ortum
648 2616 688 2659 est
706 2623 738 2657 er
750 2608 890 2658 mutatione
904 2622 959 2658 voc.
975 2610 1021 2659 lato
1033 2610 1058 2658 in
1071 2610 1120 2665 itu,·
1139 2609 1270 2673 isto‘porr'o
1286 2618 1372 2659 autem

312 2698 455 2749 referuntur
466 2700 497 2749 ad
509 2712 554 2749 eas
565 2712 607 2749 res
619 2711 675 2762 quae
685 2699 826 2749 secundum
839 2705 953 2749 naturam
967 2706 1034 2748 sunt.
1044 2725 1074 2734 -
1088 2699 1101 2763 ἓ
1114 2700 1151 2747 t5.
1165 2698 1258 2761 Optimi
1269 2699 1374 2749 codices

310 2789 371 2839 dant
384 2804 390 2836 :
405 2790 487 2837 «Nam
498 2802 556 2838 curn
569 2789 594 2837 in
608 2788 695 2838 Graeco
708 2801 826 2838 sermone
840 2788 893 2837 haro
905 2789 1099 2851 ipsaquondam
1112 2802 1196 2837 rerum
1209 2787 1314 2838 nomina·
1324 2802 1372 2839 no-

311 2890 397 2927 varum
416 2892 465 2928 non
484 2877 634 2928 videbantur
644 2898 666 2940 v,
687 2879 731 2927 uhi
743 2877 783 2928 vel
794 2878 905 2939 lacuna,
919 2877 966 2927 vel
986 2879 1092 2928 mutatio
1110 2876 1242 2938 cujusdam
1256 2876 1373 2927 vocabuli

311 2979 413 3017 sensum
428 2967 545 3026 sustulit;
564 2967 606 3017 alii
616 2967 664 3016 alia
677 2966 830 3028 conjiciunt:
843 2967 962 3030 equidem
973 2979 1065 3030 sequar
1077 2966 1222 3016 Ernestium
1233 2965 1284 3029 qui*
1292 2964 1373 3028 legit,

311 3063 340 3105 ut
357 3057 439 3105 estin
458 3057 570 3106 editione
589 3056 684 3106 llarslz
700 3076 710 3097 ι
724 3056 825 3105 nomina
844 3068 908 3105 nova
928 3060 981 3104 tom
999 3055 1180 3115 videbantur»,
1201 3054 1246 3104 sed
1256 3053 1372 3104 omittam

313 3158 368 3195 voc.
381 3157 465 3193 rerum
477 3150 560 3193 ortum
572 3158 603 3193 ex
616 3143 730 3206 genitivo
741 3157 870 3203 novorum,
884 3150 911 3192 et
923 3157 968 3205 pro
980 3157 1037 3192 cum
1049 3142 1133 3192 malim
1146 3142 1234 3205 legere
1245 3142 1371 3206 qnoniam.

343 3233 373 3295 V,
392 3234 455 3294 tlt.
475 3232 581 3283 Codices
598 3245 703 3289 omnes,
723 3239 814 3294 preter
833 3232 917 3281 Ursini
931 3232 1000 3289 cod„
1022 3231 1118 3281 hahent
1133 3231 1210 3281 verba
1223 3250 1236 3275 u
1249 3230 1373 3295 diligendi

313 3322 353 3371 sui
367 3343 387 3379 »,
396 3328 458 3384 ‚post
471 3334 526 3371 voc.
539 3321 703 3381 naturalitus,
716 3333 772 3384 qnae
784 3321 944 3370 sustulerunt
955 3321 1067 3371 editores
1080 3321 1245 3370 recentiores.
1257 3318 1375 3369 Fortasse

313 3411 407 3473 scripta
420 3411 521 3460 luerunt
532 3411 558 3460 in
570 3410 700 3475 margine,
713 3410 785 3474 quasi
796 3410 912 3460 scholion
921 3423 977 3460 voc.
987 3410 1145 3474 principium.
1154 3435 1185 3445 -
1196 3410 1249 3459 Non
1261 3421 1371 3468 servem,

314 3507 342 3550 ut
353 3499 466 3563 plerique
478 3499 577 3559 critici,
592 3499 669 3549 verba
682 3515 689 3546 z
712 3517 724 3544 a
737 3512 801 3563 quas
813 3500 852 3549 vel
865 3499 1107 3561 comprehensiones
1118 3498 1159 3548 vel
1172 3498 1349 3560 perceptiones
1363 3517 1373 3539 ι

313 3600 370 3650 quae
381 3586 474 3637 absunt
485 3587 517 3636 ab
535 3588 631 3650 optimo
647 3586 784 3647 codice'rl;
803 3587 862 3651 quia
882 3588 934 3637 haec
950 3588 1191 3649 interpretamenta,
1211 3599 1267 3650 quae
1285 3586 1373 3635 hausta

314 3683 374 3726 sunt
385 3690 417 3725 ex
435 3676 511 3725 head.
525 3676 602 3738 prior.
616 3677 641 3738 ἓξ
654 3677 692 3737 ΙΙ,
705 3675 752 3737 et,
772 3690 823 3727 non
835 3676 919 3725 minus
931 3676 1063 3739 perspicua
1075 3683 1135 3725 sunt
1145 3689 1220 3739 quam
1233 3688 1279 3724 vot
1292 3686 1374 3737 graeca

313 3767 476 3841 καταλήψεις
493 3782 540 3820 vor
553 3769 630 3819 latina
641 3778 726 3820 antem
739 3769 889 3832 cognitiones
902 3783 952 3820 non
963 3769 1031 3819 idem
1049 3781 1151 3830 semper
1164 3768 1242 3825 valet,
1255 3774 1281 3816 et
1292 3765 1375 3815 ambi-

313 3864 435 3927 guitatem
453 3876 639 3926 nonnumquam
654 3864 759 3928 gignere
777 3863 868 3926 potuit.
881 3888 910 3897 -
930 3861 995 3926 §tit
1015 3861 1103 3911 Alieno
1122 3859 1178 3909 loco
1195 3859 1305 3908 insertas
1316 3870 1374 3907 esse

314 3954 463 4015 sententias,
476 3965 532 4016 quae
548 3953 667 4016 leguntur
684 3960 741 4014 post
753 3951 829 4001 verba
843 3951 1001 4000 constitutum
1013 3953 1036 3999 et
1048 3951 1103 4007 oio,
1122 3957 1149 3999 et
1166 3957 1225 3998 ante
1244 3968 1253 3989 ι
1267 3947 1321 3996 haec
1332 3945 1375 3996 di-

315 4049 407 4092 cuntur
426 4042 532 4092 tortasse
551 4041 692 4099 ieiunius»,
710 4041 788 4090 miror
806 4041 934 4091 neminem
947 4039 1069 4090 hactenus
1080 4039 1224 4097 monuisse;
1242 4050 1289 4087 nec
1302 4035 1375 4085 lacile

316 4132 373 4194 quis
380 4131 580 4193 dicatqnomodo
593 4145 650 4199 pum
660 4130 691 4180 iis
702 4143 758 4194 quae
768 4130 906 4180 deartibns
918 4130 1042 4179 docentur
1051 4128 1123 4193 jungi
1132 4128 1238 4192 possint.
1251 4126 1374 4175 Praeterea

316 4232 364 4270 nec
383 4220 504 4270 orationis
524 4221 694 4269 concinnitate
714 4232 761 4269 nec
779 4218 903 4281 elegantia
922 4218 1146 4277 commendantur;
1165 4222 1287 4279 expectes
1306 4215 1374 4264 enim

317 4310 468 4360 arbitramur
484 4321 530 4371 pro
547 4308 713 4368 arbitrantur,
730 4308 868 4372 pavonibus
887 4320 933 4369 pro
949 4306 1049 4372 pavoni.
1072 4306 1166 4356 Locum
1184 4303 1308 4363 similem,
1328 4304 1374 4353 sed
