<?xml version="1.0" encoding="UTF-8"?>
<!DOCTYPE html PUBLIC "-//W3C//DTD XHTML 1.0 Transitional//EN"
    "http://www.w3.org/TR/xhtml1/DTD/xhtml1-transitional.dtd">
<html xmlns="http://www.w3.org/1999/xhtml" xml:lang="en" lang="en">
 <head>
  <title>
</title>
<meta http-equiv="Content-Type" content="text/html;charset=utf-8" />
  <meta name='ocr-system' content='tesseract 3.04.00' />
  <meta name='ocr-capabilities' content='ocr_page ocr_carea ocr_par ocr_line ocrx_word'/>
</head>
<body>
  <div class='ocr_page' id='page_1' title='image "./inciceronislibr00vaucgoog_0095.png"; bbox 0 0 3325 5159; ppageno 0'>
   <div class='ocr_carea' id='block_1_1' title="bbox 537 597 1360 667">
    <p class='ocr_par' dir='ltr' id='par_1_1' title="bbox 537 597 1360 667">
     <span class='ocr_line' id='line_1_1' title="bbox 537 597 1360 667; baseline 0.005 -13"><span class='ocrx_word' id='word_1_1' title='bbox 537 598 579 655; x_wconf 81' lang='lat' dir='ltr'><strong>llr</strong></span> <span class='ocrx_word' id='word_1_2' title='bbox 597 610 716 656; x_wconf 86' lang='lat' dir='ltr'><strong>ononnn</strong></span> <span class='ocrx_word' id='word_1_3' title='bbox 735 610 850 656; x_wconf 82' lang='lat' dir='ltr'><strong>nnrnnn</strong></span> <span class='ocrx_word' id='word_1_4' title='bbox 869 598 891 667; x_wconf 93' lang='lat' dir='ltr'><strong>l,</strong></span> <span class='ocrx_word' id='word_1_5' title='bbox 912 609 1006 667; x_wconf 84' lang='lat' dir='ltr'><strong>1-x1n,</strong></span> <span class='ocrx_word' id='word_1_6' title='bbox 1025 597 1120 655; x_wconf 73' lang='lat' dir='ltr'><strong>il-3i.</strong></span> <span class='ocrx_word' id='word_1_7' title='bbox 1323 601 1360 658; x_wconf 86' lang='lat'><strong>83</strong></span> 
     </span>
    </p>
   </div>
   <div class='ocr_carea' id='block_1_2' title="bbox 296 732 1362 4444">
    <p class='ocr_par' dir='ltr' id='par_1_2' title="bbox 302 732 1357 886">
     <span class='ocr_line' id='line_1_2' title="bbox 302 732 1357 801; baseline 0.001 -16"><span class='ocrx_word' id='word_1_8' title='bbox 302 732 516 801; x_wconf 81' lang='lat' dir='ltr'><strong>[commodorum]</strong></span> <span class='ocrx_word' id='word_1_9' title='bbox 536 736 742 798; x_wconf 73' lang='lat' dir='ltr'><strong>compensatione</strong></span> <span class='ocrx_word' id='word_1_10' title='bbox 761 735 866 795; x_wconf 88' lang='lat' dir='ltr'><strong>leniant,</strong></span> <span class='ocrx_word' id='word_1_11' title='bbox 886 734 957 784; x_wconf 90' lang='lat' dir='ltr'><strong>stulti</strong></span> <span class='ocrx_word' id='word_1_12' title='bbox 977 748 1066 784; x_wconf 82' lang='lat' dir='ltr'><strong>nec...</strong></span> <span class='ocrx_word' id='word_1_13' title='bbox 1079 736 1178 798; x_wconf 79' lang='lat' dir='ltr'><strong>possint</strong></span> <span class='ocrx_word' id='word_1_14' title='bbox 1190 751 1236 787; x_wconf 88' lang='lat' dir='ltr'><strong>nec</strong></span> <span class='ocrx_word' id='word_1_15' title='bbox 1249 736 1265 786; x_wconf 87' lang='lat' dir='ltr'><strong>l.</strong></span> <span class='ocrx_word' id='word_1_16' title='bbox 1279 751 1317 800; x_wconf 89' lang='lat' dir='ltr'><strong>pr.</strong></span> <span class='ocrx_word' id='word_1_17' title='bbox 1332 753 1357 798; x_wconf 86' lang='grc' dir='ltr'>ι;</span> 
     </span>
     <span class='ocr_line' id='line_1_3' title="bbox 302 823 1049 886; baseline 0 -15"><span class='ocrx_word' id='word_1_18' title='bbox 302 836 351 874; x_wconf 82' lang='lat' dir='ltr'><strong>vox</strong></span> <span class='ocrx_word' id='word_1_19' title='bbox 364 825 547 873; x_wconf 81' lang='lat' dir='ltr'><strong>commodorum</strong></span> <span class='ocrx_word' id='word_1_20' title='bbox 559 823 651 873; x_wconf 87' lang='lat' dir='ltr'><strong>abesse</strong></span> <span class='ocrx_word' id='word_1_21' title='bbox 664 829 748 885; x_wconf 87' lang='lat' dir='ltr'><strong>potest</strong></span> <span class='ocrx_word' id='word_1_22' title='bbox 760 831 786 873; x_wconf 90' lang='lat' dir='ltr'><strong>et</strong></span> <span class='ocrx_word' id='word_1_23' title='bbox 803 824 904 873; x_wconf 84' lang='lat' dir='ltr'><strong>ridetur</strong></span> <span class='ocrx_word' id='word_1_24' title='bbox 915 823 1049 886; x_wconf 80' lang='lat' dir='ltr'><strong>glossema.</strong></span> 
     </span>
    </p>

    <p class='ocr_par' dir='ltr' id='par_1_3' title="bbox 299 911 1362 2403">
     <span class='ocr_line' id='line_1_4' title="bbox 334 911 1359 975; baseline 0.002 -13"><span class='ocrx_word' id='word_1_25' title='bbox 334 914 364 962; x_wconf 87' lang='lat' dir='ltr'><strong>ll.</strong></span> <span class='ocrx_word' id='word_1_26' title='bbox 377 913 497 975; x_wconf 76' lang='lat' dir='ltr'><strong>Suspicor</strong></span> <span class='ocrx_word' id='word_1_27' title='bbox 508 914 657 963; x_wconf 78' lang='lat' dir='ltr'><strong>Ciceronem</strong></span> <span class='ocrx_word' id='word_1_28' title='bbox 666 913 818 975; x_wconf 88' lang='lat' dir='ltr'><strong>scripsisse:</strong></span> <span class='ocrx_word' id='word_1_29' title='bbox 831 928 849 955; x_wconf 80' lang='lat' dir='ltr'><strong>a·</strong></span> <span class='ocrx_word' id='word_1_30' title='bbox 858 911 926 962; x_wconf 90' lang='lat' dir='ltr'><strong>nullo</strong></span> <span class='ocrx_word' id='word_1_31' title='bbox 943 912 1019 962; x_wconf 90' lang='lat' dir='ltr'><strong>modo</strong></span> <span class='ocrx_word' id='word_1_32' title='bbox 1033 913 1146 962; x_wconf 82' lang='lat' dir='ltr'><strong>videntur</strong></span> <span class='ocrx_word' id='word_1_33' title='bbox 1156 913 1233 963; x_wconf 91' lang='lat' dir='ltr'><strong>animi</strong></span> <span class='ocrx_word' id='word_1_34' title='bbox 1246 922 1359 964; x_wconf 83' lang='lat' dir='ltr'><strong>mmmm</strong></span> 
     </span>
     <span class='ocr_line' id='line_1_5' title="bbox 301 1002 1359 1067; baseline 0.004 -17"><span class='ocrx_word' id='word_1_35' title='bbox 301 1002 451 1065; x_wconf 79' lang='lat' dir='ltr'><strong>intelligere,</strong></span> <span class='ocrx_word' id='word_1_36' title='bbox 464 1002 534 1066; x_wconf 84' lang='lat' dir='ltr'><strong>quari</strong></span> <span class='ocrx_word' id='word_1_37' title='bbox 545 1002 571 1051; x_wconf 85' lang='lat' dir='ltr'><strong>ia</strong></span> <span class='ocrx_word' id='word_1_38' title='bbox 583 1003 693 1065; x_wconf 79' lang='lat' dir='ltr'><strong>aliquam</strong></span> <span class='ocrx_word' id='word_1_39' title='bbox 706 1002 810 1065; x_wconf 84' lang='lat' dir='ltr'><strong>liguram</strong></span> <span class='ocrx_word' id='word_1_40' title='bbox 823 1003 917 1052; x_wconf 86' lang='lat' dir='ltr'><strong>cadere</strong></span> <span class='ocrx_word' id='word_1_41' title='bbox 929 1010 1022 1064; x_wconf 89' lang='lat' dir='ltr'><strong>posset.</strong></span> <span class='ocrx_word' id='word_1_42' title='bbox 1033 1002 1104 1052; x_wconf 82' lang='lat' dir='ltr'><strong>coni.</strong></span> <span class='ocrx_word' id='word_1_43' title='bbox 1113 1003 1199 1053; x_wconf 83' lang='lat' dir='ltr'><strong>llilon.</strong></span> <span class='ocrx_word' id='word_1_44' title='bbox 1209 1003 1223 1067; x_wconf 71' lang='lat'><strong>5</strong></span> <span class='ocrx_word' id='word_1_45' title='bbox 1234 1004 1262 1054; x_wconf 83' lang='grc'><strong>31</strong></span> <span class='ocrx_word' id='word_1_46' title='bbox 1273 1021 1286 1048; x_wconf 79' lang='grc' dir='ltr'>ι</span> <span class='ocrx_word' id='word_1_47' title='bbox 1295 1017 1359 1067; x_wconf 90' lang='lat' dir='ltr'><strong>qua-</strong></span> 
     </span>
     <span class='ocr_line' id='line_1_6' title="bbox 301 1091 1359 1157; baseline 0.004 -17"><span class='ocrx_word' id='word_1_48' title='bbox 301 1092 439 1141; x_wconf 88' lang='lat' dir='ltr'><strong>sinostram</strong></span> <span class='ocrx_word' id='word_1_49' title='bbox 451 1092 531 1153; x_wconf 88' lang='lat' dir='ltr'><strong>ipsam</strong></span> <span class='ocrx_word' id='word_1_50' title='bbox 543 1098 655 1141; x_wconf 89' lang='lat' dir='ltr'><strong>mentem</strong></span> <span class='ocrx_word' id='word_1_51' title='bbox 668 1091 755 1141; x_wconf 79' lang='lat' dir='ltr'><strong>ridere</strong></span> <span class='ocrx_word' id='word_1_52' title='bbox 763 1099 789 1141; x_wconf 90' lang='lat' dir='ltr'><strong>et</strong></span> <span class='ocrx_word' id='word_1_53' title='bbox 800 1092 897 1141; x_wconf 88' lang='lat' dir='ltr'><strong>sentire</strong></span> <span class='ocrx_word' id='word_1_54' title='bbox 911 1092 1046 1154; x_wconf 87' lang='lat' dir='ltr'><strong>possimus.</strong></span> <span class='ocrx_word' id='word_1_55' title='bbox 1055 1112 1068 1138; x_wconf 87' lang='grc' dir='ltr'><strong>ιι</strong></span> <span class='ocrx_word' id='word_1_56' title='bbox 1076 1119 1104 1129; x_wconf 84' lang='grc'><strong>-</strong></span> <span class='ocrx_word' id='word_1_57' title='bbox 1113 1092 1243 1155; x_wconf 55' lang='lat' dir='ltr'><strong>§illene</strong></span> <span class='ocrx_word' id='word_1_58' title='bbox 1257 1094 1359 1157; x_wconf 77' lang='lat' dir='ltr'><strong>Kayser.</strong></span> 
     </span>
     <span class='ocr_line' id='line_1_7' title="bbox 300 1180 1358 1245; baseline 0.002 -15"><span class='ocrx_word' id='word_1_59' title='bbox 300 1180 466 1232; x_wconf 85' lang='lat' dir='ltr'><strong>scribendum</strong></span> <span class='ocrx_word' id='word_1_60' title='bbox 474 1186 563 1229; x_wconf 89' lang='lat' dir='ltr'><strong>censet</strong></span> <span class='ocrx_word' id='word_1_61' title='bbox 576 1180 686 1229; x_wconf 84' lang='lat' dir='ltr'><strong>admiror</strong></span> <span class='ocrx_word' id='word_1_62' title='bbox 701 1193 746 1241; x_wconf 91' lang='lat' dir='ltr'><strong>pro</strong></span> <span class='ocrx_word' id='word_1_63' title='bbox 761 1180 909 1239; x_wconf 83' lang='lat' dir='ltr'><strong>admirabor,</strong></span> <span class='ocrx_word' id='word_1_64' title='bbox 919 1194 995 1244; x_wconf 85' lang='lat' dir='ltr'><strong>quem</strong></span> <span class='ocrx_word' id='word_1_65' title='bbox 1012 1195 1061 1231; x_wconf 90' lang='lat' dir='ltr'><strong>non</strong></span> <span class='ocrx_word' id='word_1_66' title='bbox 1078 1189 1201 1245; x_wconf 90' lang='lat' dir='ltr'><strong>sequutus</strong></span> <span class='ocrx_word' id='word_1_67' title='bbox 1214 1189 1254 1232; x_wconf 90' lang='lat' dir='ltr'><strong>est</strong></span> <span class='ocrx_word' id='word_1_68' title='bbox 1266 1183 1358 1233; x_wconf 80' lang='lat' dir='ltr'><strong>Baiter.</strong></span> 
     </span>
     <span class='ocr_line' id='line_1_8' title="bbox 300 1268 1362 1335; baseline 0.006 -18"><span class='ocrx_word' id='word_1_69' title='bbox 300 1269 329 1317; x_wconf 93' lang='lat' dir='ltr'><strong>in</strong></span> <span class='ocrx_word' id='word_1_70' title='bbox 341 1270 403 1319; x_wconf 86' lang='lat' dir='ltr'><strong>edit.</strong></span> <span class='ocrx_word' id='word_1_71' title='bbox 416 1268 791 1332; x_wconf 73' lang='lat' dir='ltr'><strong>lips-Verbnmaipaifieetur</strong></span> <span class='ocrx_word' id='word_1_72' title='bbox 799 1268 840 1319; x_wconf 78' lang='lat' dir='ltr'><strong>liic</strong></span> <span class='ocrx_word' id='word_1_73' title='bbox 849 1269 949 1320; x_wconf 85' lang='lat' dir='ltr'><strong>videtur</strong></span> <span class='ocrx_word' id='word_1_74' title='bbox 958 1270 1071 1333; x_wconf 90' lang='lat' dir='ltr'><strong>ineptum</strong></span> <span class='ocrx_word' id='word_1_75' title='bbox 1080 1284 1087 1330; x_wconf 92' lang='grc'><strong>;</strong></span> <span class='ocrx_word' id='word_1_76' title='bbox 1095 1270 1249 1320; x_wconf 82' lang='lat' dir='ltr'><strong>Lachmann.</strong></span> <span class='ocrx_word' id='word_1_77' title='bbox 1259 1272 1362 1335; x_wconf 79' lang='lat' dir='ltr'><strong>conjicit</strong></span> 
     </span>
     <span class='ocr_line' id='line_1_9' title="bbox 302 1358 1358 1422; baseline 0 -15"><span class='ocrx_word' id='word_1_78' title='bbox 302 1378 314 1401; x_wconf 82' lang='grc' dir='ltr'>ι</span> <span class='ocrx_word' id='word_1_79' title='bbox 324 1359 361 1408; x_wconf 89' lang='lat' dir='ltr'><strong>sic</strong></span> <span class='ocrx_word' id='word_1_80' title='bbox 376 1358 494 1408; x_wconf 86' lang='lat' dir='ltr'><strong>incitetur</strong></span> <span class='ocrx_word' id='word_1_81' title='bbox 503 1376 525 1417; x_wconf 90' lang='grc' dir='ltr'>ι,</span> <span class='ocrx_word' id='word_1_82' title='bbox 535 1359 569 1407; x_wconf 92' lang='lat' dir='ltr'><strong>ita</strong></span> <span class='ocrx_word' id='word_1_83' title='bbox 578 1358 692 1407; x_wconf 87' lang='lat' dir='ltr'><strong>Baiterns</strong></span> <span class='ocrx_word' id='word_1_84' title='bbox 698 1358 761 1421; x_wconf 90' lang='lat' dir='ltr'><strong>legit</strong></span> <span class='ocrx_word' id='word_1_85' title='bbox 769 1359 794 1407; x_wconf 93' lang='lat' dir='ltr'><strong>in</strong></span> <span class='ocrx_word' id='word_1_86' title='bbox 804 1359 866 1408; x_wconf 86' lang='lat' dir='ltr'><strong>edit.</strong></span> <span class='ocrx_word' id='word_1_87' title='bbox 877 1359 947 1421; x_wconf 83' lang='lat' dir='ltr'><strong>Lips.</strong></span> <span class='ocrx_word' id='word_1_88' title='bbox 955 1360 1115 1409; x_wconf 89' lang='lat' dir='ltr'><strong>Sclroemann.</strong></span> <span class='ocrx_word' id='word_1_89' title='bbox 1129 1378 1142 1405; x_wconf 79' lang='grc' dir='ltr'>«ι</span> <span class='ocrx_word' id='word_1_90' title='bbox 1152 1361 1189 1410; x_wconf 91' lang='lat' dir='ltr'><strong>sic</strong></span> <span class='ocrx_word' id='word_1_91' title='bbox 1201 1360 1358 1422; x_wconf 66' lang='lat' dir='ltr'><strong>alliciatur-3</strong></span> 
     </span>
     <span class='ocr_line' id='line_1_10' title="bbox 301 1444 1359 1512; baseline 0.003 -16"><span class='ocrx_word' id='word_1_92' title='bbox 301 1447 423 1510; x_wconf 80' lang='lat' dir='ltr'><strong>equidem</strong></span> <span class='ocrx_word' id='word_1_93' title='bbox 434 1446 518 1496; x_wconf 89' lang='lat' dir='ltr'><strong>malim</strong></span> <span class='ocrx_word' id='word_1_94' title='bbox 531 1464 544 1490; x_wconf 78' lang='grc' dir='ltr'>ι</span> <span class='ocrx_word' id='word_1_95' title='bbox 557 1444 708 1496; x_wconf 88' lang='lat' dir='ltr'><strong>sollicitetur</strong></span> <span class='ocrx_word' id='word_1_96' title='bbox 717 1465 739 1508; x_wconf 84' lang='grc' dir='ltr'>ι,</span> <span class='ocrx_word' id='word_1_97' title='bbox 752 1445 820 1509; x_wconf 90' lang='lat' dir='ltr'><strong>qnod</strong></span> <span class='ocrx_word' id='word_1_98' title='bbox 828 1448 992 1509; x_wconf 84' lang='lat' dir='ltr'><strong>saepiusapnd</strong></span> <span class='ocrx_word' id='word_1_99' title='bbox 1004 1447 1151 1497; x_wconf 87' lang='lat' dir='ltr'><strong>Lucretium</strong></span> <span class='ocrx_word' id='word_1_100' title='bbox 1164 1448 1257 1512; x_wconf 86' lang='lat' dir='ltr'><strong>legitur</strong></span> <span class='ocrx_word' id='word_1_101' title='bbox 1269 1450 1359 1500; x_wconf 90' lang='lat' dir='ltr'><strong>eodem</strong></span> 
     </span>
     <span class='ocr_line' id='line_1_11' title="bbox 300 1535 1358 1602; baseline 0.006 -19"><span class='ocrx_word' id='word_1_102' title='bbox 300 1536 342 1586; x_wconf 82' lang='lat' dir='ltr'><strong>vel</strong></span> <span class='ocrx_word' id='word_1_103' title='bbox 354 1536 430 1585; x_wconf 91' lang='lat' dir='ltr'><strong>simili</strong></span> <span class='ocrx_word' id='word_1_104' title='bbox 442 1548 528 1585; x_wconf 90' lang='lat' dir='ltr'><strong>sensu.</strong></span> <span class='ocrx_word' id='word_1_105' title='bbox 537 1562 568 1573; x_wconf 93' lang='lat'><em>-</em></span> <span class='ocrx_word' id='word_1_106' title='bbox 576 1535 700 1585; x_wconf 83' lang='lat' dir='ltr'><strong>lucisum;</strong></span> <span class='ocrx_word' id='word_1_107' title='bbox 714 1553 727 1579; x_wconf 79' lang='lat' dir='ltr'><strong>n</strong></span> <span class='ocrx_word' id='word_1_108' title='bbox 737 1535 759 1585; x_wconf 90' lang='lat' dir='ltr'><strong>si</strong></span> <span class='ocrx_word' id='word_1_109' title='bbox 772 1535 881 1585; x_wconf 90' lang='lat' dir='ltr'><strong>mundus</strong></span> <span class='ocrx_word' id='word_1_110' title='bbox 889 1543 928 1585; x_wconf 89' lang='lat' dir='ltr'><strong>est</strong></span> <span class='ocrx_word' id='word_1_111' title='bbox 940 1536 1004 1586; x_wconf 92' lang='lat' dir='ltr'><strong>dens</strong></span> <span class='ocrx_word' id='word_1_112' title='bbox 1018 1555 1030 1581; x_wconf 86' lang='grc' dir='ltr'><strong>ιι</strong></span> <span class='ocrx_word' id='word_1_113' title='bbox 1042 1537 1133 1587; x_wconf 85' lang='lat' dir='ltr'><strong>scholii</strong></span> <span class='ocrx_word' id='word_1_114' title='bbox 1146 1539 1259 1600; x_wconf 90' lang='lat' dir='ltr'><strong>speciem</strong></span> <span class='ocrx_word' id='word_1_115' title='bbox 1271 1538 1358 1602; x_wconf 83' lang='lat' dir='ltr'><strong>habet,</strong></span> 
     </span>
     <span class='ocr_line' id='line_1_12' title="bbox 299 1625 1360 1690; baseline 0.002 -13"><span class='ocrx_word' id='word_1_116' title='bbox 299 1634 328 1677; x_wconf 91' lang='lat' dir='ltr'><strong>et</strong></span> <span class='ocrx_word' id='word_1_117' title='bbox 339 1625 412 1676; x_wconf 83' lang='lat' dir='ltr'><strong>facile</strong></span> <span class='ocrx_word' id='word_1_118' title='bbox 424 1626 516 1676; x_wconf 87' lang='lat' dir='ltr'><strong>abesse</strong></span> <span class='ocrx_word' id='word_1_119' title='bbox 529 1632 612 1689; x_wconf 85' lang='lat' dir='ltr'><strong>polest</strong></span> <span class='ocrx_word' id='word_1_120' title='bbox 623 1625 657 1676; x_wconf 93' lang='lat' dir='ltr'><strong>ob</strong></span> <span class='ocrx_word' id='word_1_121' title='bbox 669 1638 698 1675; x_wconf 86' lang='lat' dir='ltr'><strong>ca</strong></span> <span class='ocrx_word' id='word_1_122' title='bbox 712 1639 767 1688; x_wconf 79' lang='lat' dir='ltr'><strong>quac</strong></span> <span class='ocrx_word' id='word_1_123' title='bbox 780 1626 853 1687; x_wconf 85' lang='lat' dir='ltr'><strong>paulo</strong></span> <span class='ocrx_word' id='word_1_124' title='bbox 865 1639 941 1689; x_wconf 91' lang='lat' dir='ltr'><strong>supra</strong></span> <span class='ocrx_word' id='word_1_125' title='bbox 954 1626 1138 1690; x_wconf 62' lang='lat' dir='ltr'><strong>legumus—i</strong></span> <span class='ocrx_word' id='word_1_126' title='bbox 1150 1628 1188 1677; x_wconf 75' lang='lat'><strong>25.</strong></span> <span class='ocrx_word' id='word_1_127' title='bbox 1210 1629 1308 1679; x_wconf 88' lang='lat' dir='ltr'><strong>Censeo</strong></span> <span class='ocrx_word' id='word_1_128' title='bbox 1320 1630 1360 1679; x_wconf 90' lang='lat' dir='ltr'><strong>le-</strong></span> 
     </span>
     <span class='ocr_line' id='line_1_13' title="bbox 299 1715 1361 1784; baseline 0.002 -18"><span class='ocrx_word' id='word_1_129' title='bbox 299 1716 423 1780; x_wconf 90' lang='lat' dir='ltr'><strong>gendum,</strong></span> <span class='ocrx_word' id='word_1_130' title='bbox 431 1716 576 1778; x_wconf 87' lang='lat' dir='ltr'><strong>utscriptor</strong></span> <span class='ocrx_word' id='word_1_131' title='bbox 587 1715 636 1765; x_wconf 90' lang='lat' dir='ltr'><strong>sibi</strong></span> <span class='ocrx_word' id='word_1_132' title='bbox 648 1723 764 1765; x_wconf 89' lang='lat' dir='ltr'><strong>constet:</strong></span> <span class='ocrx_word' id='word_1_133' title='bbox 778 1716 825 1765; x_wconf 82' lang='lat' dir='ltr'><strong>uSi</strong></span> <span class='ocrx_word' id='word_1_134' title='bbox 840 1730 879 1765; x_wconf 83' lang='lat' dir='ltr'><strong>ree</strong></span> <span class='ocrx_word' id='word_1_135' title='bbox 892 1724 998 1778; x_wconf 90' lang='lat' dir='ltr'><strong>possunt</strong></span> <span class='ocrx_word' id='word_1_136' title='bbox 1010 1729 1067 1767; x_wconf 89' lang='lat' dir='ltr'><strong>esse</strong></span> <span class='ocrx_word' id='word_1_137' title='bbox 1079 1718 1134 1767; x_wconf 91' lang='lat' dir='ltr'><strong>sine</strong></span> <span class='ocrx_word' id='word_1_138' title='bbox 1146 1730 1223 1768; x_wconf 88' lang='lat' dir='ltr'><strong>sensu</strong></span> <span class='ocrx_word' id='word_1_139' title='bbox 1237 1716 1273 1784; x_wconf 82' lang='lat' dir='ltr'><strong>[et</strong></span> <span class='ocrx_word' id='word_1_140' title='bbox 1285 1732 1361 1769; x_wconf 92' lang='lat' dir='ltr'><strong>men-</strong></span> 
     </span>
     <span class='ocr_line' id='line_1_14' title="bbox 300 1802 1361 1871; baseline 0.001 -15"><span class='ocrx_word' id='word_1_141' title='bbox 300 1802 339 1871; x_wconf 83' lang='lat' dir='ltr'><strong>te]</strong></span> <span class='ocrx_word' id='word_1_142' title='bbox 348 1825 369 1866; x_wconf 92' lang='grc' dir='ltr'>ι,</span> <span class='ocrx_word' id='word_1_143' title='bbox 381 1818 425 1868; x_wconf 90' lang='lat' dir='ltr'><strong>pro</strong></span> <span class='ocrx_word' id='word_1_144' title='bbox 433 1818 495 1855; x_wconf 84' lang='lat' dir='ltr'><strong>voce</strong></span> <span class='ocrx_word' id='word_1_145' title='bbox 507 1804 550 1866; x_wconf 87' lang='lat' dir='ltr'><strong>dii,</strong></span> <span class='ocrx_word' id='word_1_146' title='bbox 563 1818 619 1867; x_wconf 87' lang='lat' dir='ltr'><strong>quae</strong></span> <span class='ocrx_word' id='word_1_147' title='bbox 630 1819 661 1855; x_wconf 83' lang='lat' dir='ltr'><strong>en</strong></span> <span class='ocrx_word' id='word_1_148' title='bbox 674 1805 809 1867; x_wconf 87' lang='lat' dir='ltr'><strong>posteriori</strong></span> <span class='ocrx_word' id='word_1_149' title='bbox 817 1805 943 1855; x_wconf 88' lang='lat' dir='ltr'><strong>sententia</strong></span> <span class='ocrx_word' id='word_1_150' title='bbox 952 1805 1082 1855; x_wconf 84' lang='lat' dir='ltr'><strong>hucilnxit</strong></span> <span class='ocrx_word' id='word_1_151' title='bbox 1090 1821 1096 1866; x_wconf 90' lang='lat'>;</span> <span class='ocrx_word' id='word_1_152' title='bbox 1104 1806 1172 1857; x_wconf 86' lang='lat' dir='ltr'><strong>coni.</strong></span> <span class='ocrx_word' id='word_1_153' title='bbox 1184 1806 1198 1871; x_wconf 63' lang='grc' dir='ltr'>ᾖ</span> <span class='ocrx_word' id='word_1_154' title='bbox 1210 1806 1249 1857; x_wconf 80' lang='lat'><strong>27.</strong></span> <span class='ocrx_word' id='word_1_155' title='bbox 1263 1807 1361 1871; x_wconf 89' lang='lat' dir='ltr'><strong>Sequor</strong></span> 
     </span>
     <span class='ocr_line' id='line_1_15' title="bbox 300 1893 1360 1958; baseline 0.001 -14"><span class='ocrx_word' id='word_1_156' title='bbox 300 1894 546 1944; x_wconf 85' lang='lat' dir='ltr'><strong>autem-Lambinum</strong></span> <span class='ocrx_word' id='word_1_157' title='bbox 555 1893 707 1945; x_wconf 89' lang='lat' dir='ltr'><strong>sententiam</strong></span> <span class='ocrx_word' id='word_1_158' title='bbox 716 1894 753 1943; x_wconf 90' lang='lat' dir='ltr'><strong>sic</strong></span> <span class='ocrx_word' id='word_1_159' title='bbox 761 1895 931 1957; x_wconf 88' lang='lat' dir='ltr'><strong>supplentem,</strong></span> <span class='ocrx_word' id='word_1_160' title='bbox 941 1902 998 1958; x_wconf 87' lang='lat' dir='ltr'><strong>post</strong></span> <span class='ocrx_word' id='word_1_161' title='bbox 1010 1908 1065 1945; x_wconf 80' lang='lat' dir='ltr'><strong>voc.</strong></span> <span class='ocrx_word' id='word_1_162' title='bbox 1074 1909 1162 1944; x_wconf 74' lang='lat' dir='ltr'><strong>renea:</strong></span> <span class='ocrx_word' id='word_1_163' title='bbox 1176 1903 1360 1947; x_wconf 77' lang='lat' dir='ltr'><strong>«carmentem</strong></span> 
     </span>
     <span class='ocr_line' id='line_1_16' title="bbox 299 1983 1361 2049; baseline 0.003 -16"><span class='ocrx_word' id='word_1_164' title='bbox 299 1997 380 2047; x_wconf 84' lang='lat' dir='ltr'><strong>aquae,</strong></span> <span class='ocrx_word' id='word_1_165' title='bbox 394 1997 440 2033; x_wconf 92' lang='lat' dir='ltr'><strong>cur</strong></span> <span class='ocrx_word' id='word_1_166' title='bbox 451 1996 541 2047; x_wconf 84' lang='lat' dir='ltr'><strong>nquam</strong></span> <span class='ocrx_word' id='word_1_167' title='bbox 559 1984 638 2033; x_wconf 88' lang='lat' dir='ltr'><strong>menti</strong></span> <span class='ocrx_word' id='word_1_168' title='bbox 657 1983 790 2035; x_wconf 79' lang='lat' dir='ltr'><strong>adiunxit?</strong></span> <span class='ocrx_word' id='word_1_169' title='bbox 805 1984 966 2035; x_wconf 79' lang='lat' dir='ltr'><strong>»Verborum</strong></span> <span class='ocrx_word' id='word_1_170' title='bbox 985 1985 1117 2035; x_wconf 87' lang='lat' dir='ltr'><strong>translatio</strong></span> <span class='ocrx_word' id='word_1_171' title='bbox 1136 1998 1210 2049; x_wconf 88' lang='lat' dir='ltr'><strong>quam</strong></span> <span class='ocrx_word' id='word_1_172' title='bbox 1229 1987 1361 2049; x_wconf 90' lang='lat' dir='ltr'><strong>proposuit</strong></span> 
     </span>
     <span class='ocr_line' id='line_1_17' title="bbox 301 2072 1360 2137; baseline 0.004 -16"><span class='ocrx_word' id='word_1_173' title='bbox 301 2073 442 2136; x_wconf 78' lang='lat' dir='ltr'><strong>Madvigius</strong></span> <span class='ocrx_word' id='word_1_174' title='bbox 454 2072 507 2136; x_wconf 85' lang='lat' dir='ltr'><strong>qui,</strong></span> <span class='ocrx_word' id='word_1_175' title='bbox 521 2079 578 2134; x_wconf 92' lang='lat' dir='ltr'><strong>post</strong></span> <span class='ocrx_word' id='word_1_176' title='bbox 592 2092 601 2115; x_wconf 84' lang='grc' dir='ltr'>ι</span> <span class='ocrx_word' id='word_1_177' title='bbox 615 2072 714 2122; x_wconf 83' lang='lat' dir='ltr'><strong>nativos</strong></span> <span class='ocrx_word' id='word_1_178' title='bbox 738 2086 795 2123; x_wconf 91' lang='lat' dir='ltr'><strong>esse</strong></span> <span class='ocrx_word' id='word_1_179' title='bbox 818 2073 881 2123; x_wconf 87' lang='lat' dir='ltr'><strong>deos</strong></span> <span class='ocrx_word' id='word_1_180' title='bbox 895 2093 916 2132; x_wconf 83' lang='grc' dir='ltr'>ιι,</span> <span class='ocrx_word' id='word_1_181' title='bbox 943 2072 1030 2137; x_wconf 86' lang='lat' dir='ltr'><strong>legere</strong></span> <span class='ocrx_word' id='word_1_182' title='bbox 1043 2073 1103 2124; x_wconf 86' lang='lat' dir='ltr'><strong>velit</strong></span> <span class='ocrx_word' id='word_1_183' title='bbox 1116 2090 1123 2122; x_wconf 78' lang='grc' dir='ltr'>ι</span> <span class='ocrx_word' id='word_1_184' title='bbox 1136 2092 1149 2119; x_wconf 85' lang='grc' dir='ltr'><strong>ιι</strong></span> <span class='ocrx_word' id='word_1_185' title='bbox 1163 2075 1188 2124; x_wconf 90' lang='lat' dir='ltr'><strong>Si</strong></span> <span class='ocrx_word' id='word_1_186' title='bbox 1210 2075 1235 2125; x_wconf 92' lang='lat' dir='ltr'><strong>di</strong></span> <span class='ocrx_word' id='word_1_187' title='bbox 1254 2083 1360 2137; x_wconf 86' lang='lat' dir='ltr'><strong>possunt</strong></span> 
     </span>
     <span class='ocr_line' id='line_1_18' title="bbox 299 2162 1358 2227; baseline 0.002 -14"><span class='ocrx_word' id='word_1_188' title='bbox 299 2164 421 2213; x_wconf 83' lang='lat' dir='ltr'><strong>essesine</strong></span> <span class='ocrx_word' id='word_1_189' title='bbox 429 2175 504 2212; x_wconf 87' lang='lat' dir='ltr'><strong>sensu</strong></span> <span class='ocrx_word' id='word_1_190' title='bbox 517 2170 543 2213; x_wconf 90' lang='lat' dir='ltr'><strong>et</strong></span> <span class='ocrx_word' id='word_1_191' title='bbox 555 2169 640 2213; x_wconf 88' lang='lat' dir='ltr'><strong>mente</strong></span> <span class='ocrx_word' id='word_1_192' title='bbox 654 2182 676 2222; x_wconf 85' lang='grc' dir='ltr'><strong>ιι,</strong></span> <span class='ocrx_word' id='word_1_193' title='bbox 690 2162 744 2213; x_wconf 86' lang='lat' dir='ltr'><strong>lieri</strong></span> <span class='ocrx_word' id='word_1_194' title='bbox 756 2176 806 2212; x_wconf 93' lang='lat' dir='ltr'><strong>non</strong></span> <span class='ocrx_word' id='word_1_195' title='bbox 820 2170 914 2225; x_wconf 89' lang='lat' dir='ltr'><strong>potest,</strong></span> <span class='ocrx_word' id='word_1_196' title='bbox 928 2164 984 2227; x_wconf 85' lang='lat' dir='ltr'><strong>qnia</strong></span> <span class='ocrx_word' id='word_1_197' title='bbox 996 2164 1034 2213; x_wconf 91' lang='lat' dir='ltr'><strong>sic</strong></span> <span class='ocrx_word' id='word_1_198' title='bbox 1046 2164 1149 2215; x_wconf 86' lang='lat' dir='ltr'><strong>deesset</strong></span> <span class='ocrx_word' id='word_1_199' title='bbox 1157 2165 1225 2227; x_wconf 89' lang='lat' dir='ltr'><strong>prior</strong></span> <span class='ocrx_word' id='word_1_200' title='bbox 1236 2165 1358 2223; x_wconf 85' lang='lat' dir='ltr'><strong>conditio,</strong></span> 
     </span>
     <span class='ocr_line' id='line_1_19' title="bbox 300 2251 1360 2315; baseline -0.004 -14"><span class='ocrx_word' id='word_1_201' title='bbox 300 2252 344 2301; x_wconf 90' lang='lat' dir='ltr'><strong>cui</strong></span> <span class='ocrx_word' id='word_1_202' title='bbox 360 2251 499 2315; x_wconf 90' lang='lat' dir='ltr'><strong>respondet</strong></span> <span class='ocrx_word' id='word_1_203' title='bbox 510 2251 605 2301; x_wconf 88' lang='lat' dir='ltr'><strong>altera:</strong></span> <span class='ocrx_word' id='word_1_204' title='bbox 623 2251 672 2300; x_wconf 79' lang='lat' dir='ltr'><strong>nsi</strong></span> <span class='ocrx_word' id='word_1_205' title='bbox 686 2251 737 2313; x_wconf 90' lang='lat' dir='ltr'><strong>ipsa</strong></span> <span class='ocrx_word' id='word_1_206' title='bbox 761 2264 834 2300; x_wconf 91' lang='lat' dir='ltr'><strong>mens</strong></span> <span class='ocrx_word' id='word_1_207' title='bbox 858 2257 974 2302; x_wconf 84' lang='lat' dir='ltr'><strong>constare</strong></span> <span class='ocrx_word' id='word_1_208' title='bbox 998 2259 1082 2314; x_wconf 89' lang='lat' dir='ltr'><strong>potest</strong></span> <span class='ocrx_word' id='word_1_209' title='bbox 1104 2264 1194 2302; x_wconf 80' lang='lat' dir='ltr'><strong>vacans</strong></span> <span class='ocrx_word' id='word_1_210' title='bbox 1212 2265 1319 2315; x_wconf 88' lang='lat' dir='ltr'><strong>corpore</strong></span> <span class='ocrx_word' id='word_1_211' title='bbox 1332 2269 1360 2311; x_wconf 69' lang='grc' dir='ltr'><strong>»ς</strong></span> 
     </span>
     <span class='ocr_line' id='line_1_20' title="bbox 299 2340 1299 2403; baseline 0.001 -14"><span class='ocrx_word' id='word_1_212' title='bbox 299 2354 348 2392; x_wconf 88' lang='lat' dir='ltr'><strong>nec</strong></span> <span class='ocrx_word' id='word_1_213' title='bbox 361 2340 520 2403; x_wconf 86' lang='lat' dir='ltr'><strong>parenthesis</strong></span> <span class='ocrx_word' id='word_1_214' title='bbox 532 2340 598 2390; x_wconf 89' lang='lat' dir='ltr'><strong>bene</strong></span> <span class='ocrx_word' id='word_1_215' title='bbox 610 2341 730 2390; x_wconf 86' lang='lat' dir='ltr'><strong>convenit</strong></span> <span class='ocrx_word' id='word_1_216' title='bbox 741 2340 767 2388; x_wconf 93' lang='lat' dir='ltr'><strong>in</strong></span> <span class='ocrx_word' id='word_1_217' title='bbox 780 2341 959 2390; x_wconf 77' lang='lat' dir='ltr'><strong>Anaximandri</strong></span> <span class='ocrx_word' id='word_1_218' title='bbox 973 2341 1101 2403; x_wconf 87' lang='lat' dir='ltr'><strong>opinionis</strong></span> <span class='ocrx_word' id='word_1_219' title='bbox 1113 2341 1299 2392; x_wconf 81' lang='lat' dir='ltr'><strong>enunciatione.</strong></span> 
     </span>
    </p>

    <p class='ocr_par' dir='ltr' id='par_1_4' title="bbox 297 2429 1360 3740">
     <span class='ocr_line' id='line_1_21' title="bbox 331 2429 1358 2493; baseline 0.002 -14"><span class='ocrx_word' id='word_1_220' title='bbox 331 2430 373 2492; x_wconf 91' lang='lat' dir='ltr'><strong>lll,</strong></span> <span class='ocrx_word' id='word_1_221' title='bbox 387 2432 398 2493; x_wconf 68' lang='lat'><strong>5</strong></span> <span class='ocrx_word' id='word_1_222' title='bbox 410 2431 452 2479; x_wconf 74' lang='lat'><strong>27.</strong></span> <span class='ocrx_word' id='word_1_223' title='bbox 463 2431 526 2481; x_wconf 85' lang='lat' dir='ltr'><strong>Nam</strong></span> <span class='ocrx_word' id='word_1_224' title='bbox 537 2436 596 2480; x_wconf 87' lang='lat' dir='ltr'><strong>ante</strong></span> <span class='ocrx_word' id='word_1_225' title='bbox 609 2430 762 2493; x_wconf 72' lang='lat' dir='ltr'><strong>Pythagorae</strong></span> <span class='ocrx_word' id='word_1_226' title='bbox 775 2429 874 2480; x_wconf 87' lang='lat' dir='ltr'><strong>ridetur</strong></span> <span class='ocrx_word' id='word_1_227' title='bbox 886 2430 1033 2480; x_wconf 90' lang='lat' dir='ltr'><strong>mutandum</strong></span> <span class='ocrx_word' id='word_1_228' title='bbox 1046 2432 1125 2480; x_wconf 86' lang='lat' dir='ltr'><strong>senin</strong></span> <span class='ocrx_word' id='word_1_229' title='bbox 1138 2431 1189 2480; x_wconf 87' lang='lat' dir='ltr'><strong>lam</strong></span> <span class='ocrx_word' id='word_1_230' title='bbox 1197 2431 1275 2481; x_wconf 83' lang='lat' dir='ltr'><strong>settin</strong></span> <span class='ocrx_word' id='word_1_231' title='bbox 1288 2432 1358 2481; x_wconf 87' lang='lat' dir='ltr'><strong>item.</strong></span> 
     </span>
     <span class='ocr_line' id='line_1_22' title="bbox 297 2519 1357 2578; baseline 0.001 -9"><span class='ocrx_word' id='word_1_232' title='bbox 297 2548 331 2557; x_wconf 91' lang='lat'>-</span> <span class='ocrx_word' id='word_1_233' title='bbox 342 2521 455 2570; x_wconf 91' lang='lat' dir='ltr'><strong>luseram</strong></span> <span class='ocrx_word' id='word_1_234' title='bbox 466 2533 524 2570; x_wconf 89' lang='lat' dir='ltr'><strong>curn</strong></span> <span class='ocrx_word' id='word_1_235' title='bbox 538 2520 613 2570; x_wconf 85' lang='lat' dir='ltr'><strong>Baldo</strong></span> <span class='ocrx_word' id='word_1_236' title='bbox 624 2519 642 2568; x_wconf 95' lang='grc'><strong>1.</strong></span> <span class='ocrx_word' id='word_1_237' title='bbox 650 2520 668 2568; x_wconf 91' lang='lat' dir='ltr'><strong>l.</strong></span> <span class='ocrx_word' id='word_1_238' title='bbox 682 2532 737 2569; x_wconf 85' lang='lat' dir='ltr'><strong>voc.</strong></span> <span class='ocrx_word' id='word_1_239' title='bbox 750 2520 831 2578; x_wconf 82' lang='lat' dir='ltr'><strong>deum,</strong></span> <span class='ocrx_word' id='word_1_240' title='bbox 846 2520 913 2570; x_wconf 91' lang='lat' dir='ltr'><strong>lnter</strong></span> <span class='ocrx_word' id='word_1_241' title='bbox 924 2520 1016 2570; x_wconf 75' lang='lat' dir='ltr'><strong>censuit</strong></span> <span class='ocrx_word' id='word_1_242' title='bbox 1027 2527 1054 2570; x_wconf 90' lang='lat' dir='ltr'><strong>et</strong></span> <span class='ocrx_word' id='word_1_243' title='bbox 1065 2519 1185 2569; x_wconf 84' lang='lat' dir='ltr'><strong>animam.</strong></span> <span class='ocrx_word' id='word_1_244' title='bbox 1199 2547 1229 2557; x_wconf 94' lang='lat'>-</span> <span class='ocrx_word' id='word_1_245' title='bbox 1242 2520 1357 2571; x_wconf 79' lang='lat' dir='ltr'><strong>Alienum</strong></span> 
     </span>
     <span class='ocr_line' id='line_1_23' title="bbox 300 2607 1358 2672; baseline 0 -14"><span class='ocrx_word' id='word_1_246' title='bbox 300 2608 363 2658; x_wconf 84' lang='lat' dir='ltr'><strong>milri</strong></span> <span class='ocrx_word' id='word_1_247' title='bbox 376 2608 476 2659; x_wconf 83' lang='lat' dir='ltr'><strong>ridetur</strong></span> <span class='ocrx_word' id='word_1_248' title='bbox 487 2607 535 2657; x_wconf 89' lang='lat' dir='ltr'><strong>lroc</strong></span> <span class='ocrx_word' id='word_1_249' title='bbox 547 2608 604 2658; x_wconf 90' lang='lat' dir='ltr'><strong>loco</strong></span> <span class='ocrx_word' id='word_1_250' title='bbox 615 2608 666 2672; x_wconf 87' lang='lat' dir='ltr'><strong>adj.</strong></span> <span class='ocrx_word' id='word_1_251' title='bbox 679 2608 811 2666; x_wconf 83' lang='lat' dir='ltr'><strong>intentum,</strong></span> <span class='ocrx_word' id='word_1_252' title='bbox 825 2622 873 2658; x_wconf 88' lang='lat' dir='ltr'><strong>nec</strong></span> <span class='ocrx_word' id='word_1_253' title='bbox 885 2608 1005 2658; x_wconf 86' lang='lat' dir='ltr'><strong>convenit</strong></span> <span class='ocrx_word' id='word_1_254' title='bbox 1022 2621 1078 2659; x_wconf 90' lang='lat' dir='ltr'><strong>cum</strong></span> <span class='ocrx_word' id='word_1_255' title='bbox 1092 2617 1155 2671; x_wconf 89' lang='lat' dir='ltr'><strong>part.</strong></span> <span class='ocrx_word' id='word_1_256' title='bbox 1169 2613 1358 2668; x_wconf 71' lang='lat' dir='ltr'><strong>commeantem:</strong></span> 
     </span>
     <span class='ocr_line' id='line_1_24' title="bbox 300 2696 1357 2761; baseline -0.001 -13"><span class='ocrx_word' id='word_1_257' title='bbox 300 2697 382 2761; x_wconf 88' lang='lat' dir='ltr'><strong>legam</strong></span> <span class='ocrx_word' id='word_1_258' title='bbox 394 2708 440 2747; x_wconf 89' lang='lat' dir='ltr'><strong>seu</strong></span> <span class='ocrx_word' id='word_1_259' title='bbox 456 2696 562 2758; x_wconf 72' lang='lat' dir='ltr'><strong>infixum</strong></span> <span class='ocrx_word' id='word_1_260' title='bbox 579 2709 626 2747; x_wconf 92' lang='lat' dir='ltr'><strong>seu</strong></span> <span class='ocrx_word' id='word_1_261' title='bbox 643 2696 762 2758; x_wconf 70' lang='lat' dir='ltr'><strong>insuram,</strong></span> <span class='ocrx_word' id='word_1_262' title='bbox 779 2704 808 2747; x_wconf 92' lang='lat' dir='ltr'><strong>ut</strong></span> <span class='ocrx_word' id='word_1_263' title='bbox 820 2697 834 2761; x_wconf 71' lang='grc'>5</span> <span class='ocrx_word' id='word_1_264' title='bbox 846 2697 887 2758; x_wconf 71' lang='lat'><strong>28,</strong></span> <span class='ocrx_word' id='word_1_265' title='bbox 907 2709 952 2747; x_wconf 89' lang='lat' dir='ltr'><strong>seu</strong></span> <span class='ocrx_word' id='word_1_266' title='bbox 973 2696 1096 2761; x_wconf 71' lang='lat' dir='ltr'><strong>differtum,</strong></span> <span class='ocrx_word' id='word_1_267' title='bbox 1111 2705 1138 2748; x_wconf 92' lang='lat' dir='ltr'><strong>ut</strong></span> <span class='ocrx_word' id='word_1_268' title='bbox 1155 2699 1221 2761; x_wconf 89' lang='lat' dir='ltr'><strong>apud</strong></span> <span class='ocrx_word' id='word_1_269' title='bbox 1245 2697 1357 2749; x_wconf 88' lang='lat' dir='ltr'><strong>Lactant.</strong></span> 
     </span>
     <span class='ocr_line' id='line_1_25' title="bbox 300 2785 1359 2852; baseline 0.002 -17"><span class='ocrx_word' id='word_1_270' title='bbox 300 2785 338 2845; x_wconf 85' lang='lat' dir='ltr'><strong>(ll.</strong></span> <span class='ocrx_word' id='word_1_271' title='bbox 348 2786 407 2837; x_wconf 92' lang='lat' dir='ltr'><strong>lust.</strong></span> <span class='ocrx_word' id='word_1_272' title='bbox 422 2785 440 2849; x_wconf 92' lang='lat' dir='ltr'><strong>l,</strong></span> <span class='ocrx_word' id='word_1_273' title='bbox 453 2785 485 2849; x_wconf 78' lang='lat'><strong>5)</strong></span> <span class='ocrx_word' id='word_1_274' title='bbox 498 2786 591 2850; x_wconf 89' lang='lat' dir='ltr'><strong>legitur</strong></span> <span class='ocrx_word' id='word_1_275' title='bbox 603 2802 610 2834; x_wconf 76' lang='grc' dir='ltr'><strong><em>τ</em></strong></span> <span class='ocrx_word' id='word_1_276' title='bbox 625 2805 636 2830; x_wconf 79' lang='grc' dir='ltr'>ι</span> <span class='ocrx_word' id='word_1_277' title='bbox 649 2786 749 2836; x_wconf 87' lang='lat' dir='ltr'><strong>animus</strong></span> <span class='ocrx_word' id='word_1_278' title='bbox 761 2800 807 2849; x_wconf 92' lang='lat' dir='ltr'><strong>per</strong></span> <span class='ocrx_word' id='word_1_279' title='bbox 817 2788 950 2837; x_wconf 82' lang='lat' dir='ltr'><strong>universas</strong></span> <span class='ocrx_word' id='word_1_280' title='bbox 962 2787 1049 2838; x_wconf 89' lang='lat' dir='ltr'><strong>mnndi</strong></span> <span class='ocrx_word' id='word_1_281' title='bbox 1062 2795 1147 2849; x_wconf 89' lang='lat' dir='ltr'><strong>partes</strong></span> <span class='ocrx_word' id='word_1_282' title='bbox 1158 2800 1359 2852; x_wconf 87' lang='lat' dir='ltr'><strong>omnemqnena·</strong></span> 
     </span>
     <span class='ocr_line' id='line_1_26' title="bbox 301 2874 1359 2939; baseline 0 -15"><span class='ocrx_word' id='word_1_283' title='bbox 301 2882 383 2925; x_wconf 86' lang='lat' dir='ltr'><strong>turarn</strong></span> <span class='ocrx_word' id='word_1_284' title='bbox 401 2887 546 2925; x_wconf 89' lang='lat' dir='ltr'><strong>commeans</strong></span> <span class='ocrx_word' id='word_1_285' title='bbox 558 2882 634 2938; x_wconf 84' lang='lat' dir='ltr'><strong>atque</strong></span> <span class='ocrx_word' id='word_1_286' title='bbox 660 2874 775 2925; x_wconf 78' lang='lat' dir='ltr'><strong>diffusus.</strong></span> <span class='ocrx_word' id='word_1_287' title='bbox 790 2876 912 2938; x_wconf 67' lang='grc' dir='ltr'>ι-ςῖὃ.</span> <span class='ocrx_word' id='word_1_288' title='bbox 932 2876 986 2926; x_wconf 83' lang='grc' dir='ltr'>Νοιι</span> <span class='ocrx_word' id='word_1_289' title='bbox 1005 2876 1086 2939; x_wconf 84' lang='lat' dir='ltr'><strong>magis</strong></span> <span class='ocrx_word' id='word_1_290' title='bbox 1109 2888 1208 2939; x_wconf 91' lang='lat' dir='ltr'><strong>parcam</strong></span> <span class='ocrx_word' id='word_1_291' title='bbox 1231 2876 1359 2939; x_wconf 77' lang='lat' dir='ltr'><strong>particule</strong></span> 
     </span>
     <span class='ocr_line' id='line_1_27' title="bbox 298 2963 1359 3029; baseline 0.002 -15"><span class='ocrx_word' id='word_1_292' title='bbox 298 2973 427 3014; x_wconf 79' lang='lat' dir='ltr'><strong>armante</strong></span> <span class='ocrx_word' id='word_1_293' title='bbox 442 2963 609 3022; x_wconf 77' lang='lat' dir='ltr'><strong>Parmenides,</strong></span> <span class='ocrx_word' id='word_1_294' title='bbox 622 2964 739 3027; x_wconf 88' lang='lat' dir='ltr'><strong>quianon</strong></span> <span class='ocrx_word' id='word_1_295' title='bbox 752 2964 818 3014; x_wconf 90' lang='lat' dir='ltr'><strong>bene</strong></span> <span class='ocrx_word' id='word_1_296' title='bbox 831 2965 970 3026; x_wconf 87' lang='lat' dir='ltr'><strong>respondet</strong></span> <span class='ocrx_word' id='word_1_297' title='bbox 983 2965 1112 3027; x_wconf 70' lang='lat' dir='ltr'><strong>particulae</strong></span> <span class='ocrx_word' id='word_1_298' title='bbox 1125 2968 1178 3013; x_wconf 86' lang='lat' dir='ltr'><strong>tam</strong></span> <span class='ocrx_word' id='word_1_299' title='bbox 1191 2978 1247 3028; x_wconf 81' lang='lat' dir='ltr'><strong>qum</strong></span> <span class='ocrx_word' id='word_1_300' title='bbox 1264 2965 1359 3029; x_wconf 87' lang='lat' dir='ltr'><strong>legitur</strong></span> 
     </span>
     <span class='ocr_line' id='line_1_28' title="bbox 298 3052 1359 3119; baseline -0.002 -13"><span class='ocrx_word' id='word_1_301' title='bbox 298 3062 360 3105; x_wconf 88' lang='lat' dir='ltr'><strong>ante</strong></span> <span class='ocrx_word' id='word_1_302' title='bbox 371 3056 548 3119; x_wconf 58' lang='lat' dir='ltr'><strong>reintrare·</strong></span> <span class='ocrx_word' id='word_1_303' title='bbox 562 3054 646 3103; x_wconf 87' lang='lat' dir='ltr'><strong>malim</strong></span> <span class='ocrx_word' id='word_1_304' title='bbox 658 3052 864 3116; x_wconf 82' lang='lat' dir='ltr'><strong>iam.·-Qnidem</strong></span> <span class='ocrx_word' id='word_1_305' title='bbox 872 3054 983 3104; x_wconf 84' lang='lat' dir='ltr'><strong>abundat</strong></span> <span class='ocrx_word' id='word_1_306' title='bbox 991 3060 1050 3104; x_wconf 89' lang='lat' dir='ltr'><strong>ante</strong></span> <span class='ocrx_word' id='word_1_307' title='bbox 1058 3054 1269 3112; x_wconf 59' lang='lat' dir='ltr'><strong>commenticiam</strong></span> <span class='ocrx_word' id='word_1_308' title='bbox 1277 3061 1359 3104; x_wconf 88' lang='lat' dir='ltr'><strong>ortum</strong></span> 
     </span>
     <span class='ocr_line' id='line_1_29' title="bbox 299 3141 1359 3208; baseline -0.001 -13"><span class='ocrx_word' id='word_1_309' title='bbox 299 3144 402 3195; x_wconf 87' lang='lat' dir='ltr'><strong>ridetur</strong></span> <span class='ocrx_word' id='word_1_310' title='bbox 413 3158 444 3193; x_wconf 86' lang='lat' dir='ltr'><strong>ex</strong></span> <span class='ocrx_word' id='word_1_311' title='bbox 457 3141 573 3208; x_wconf 82' lang='lat' dir='ltr'><strong>quiddam</strong></span> <span class='ocrx_word' id='word_1_312' title='bbox 583 3142 649 3193; x_wconf 85' lang='lat' dir='ltr'><strong>male</strong></span> <span class='ocrx_word' id='word_1_313' title='bbox 661 3142 833 3206; x_wconf 76' lang='lat' dir='ltr'><strong>posito-Vix</strong></span> <span class='ocrx_word' id='word_1_314' title='bbox 842 3142 1019 3206; x_wconf 84' lang='lat' dir='ltr'><strong>intelliguntur</strong></span> <span class='ocrx_word' id='word_1_315' title='bbox 1030 3142 1106 3193; x_wconf 84' lang='lat' dir='ltr'><strong>verba</strong></span> <span class='ocrx_word' id='word_1_316' title='bbox 1118 3143 1235 3193; x_wconf 86' lang='lat' dir='ltr'><strong>codicum</strong></span> <span class='ocrx_word' id='word_1_317' title='bbox 1252 3157 1258 3191; x_wconf 91' lang='lat'>:</span> <span class='ocrx_word' id='word_1_318' title='bbox 1272 3161 1285 3187; x_wconf 82' lang='grc' dir='ltr'>ι</span> <span class='ocrx_word' id='word_1_319' title='bbox 1297 3156 1359 3194; x_wconf 89' lang='lat' dir='ltr'><strong>con-</strong></span> 
     </span>
     <span class='ocr_line' id='line_1_30' title="bbox 299 3232 1360 3297; baseline -0.003 -12"><span class='ocrx_word' id='word_1_320' title='bbox 299 3236 423 3285; x_wconf 91' lang='lat' dir='ltr'><strong>tinentem</strong></span> <span class='ocrx_word' id='word_1_321' title='bbox 435 3234 552 3284; x_wconf 88' lang='lat' dir='ltr'><strong>ardorem</strong></span> <span class='ocrx_word' id='word_1_322' title='bbox 565 3233 629 3283; x_wconf 90' lang='lat' dir='ltr'><strong>lucis</strong></span> <span class='ocrx_word' id='word_1_323' title='bbox 644 3233 734 3283; x_wconf 89' lang='lat' dir='ltr'><strong>orbern</strong></span> <span class='ocrx_word' id='word_1_324' title='bbox 746 3232 789 3296; x_wconf 91' lang='lat' dir='ltr'><strong>qni</strong></span> <span class='ocrx_word' id='word_1_325' title='bbox 805 3233 887 3297; x_wconf 80' lang='lat' dir='ltr'><strong>cingit</strong></span> <span class='ocrx_word' id='word_1_326' title='bbox 898 3233 986 3282; x_wconf 85' lang='lat' dir='ltr'><strong>caelum</strong></span> <span class='ocrx_word' id='word_1_327' title='bbox 1000 3251 1023 3291; x_wconf 91' lang='grc' dir='ltr'>ι,</span> <span class='ocrx_word' id='word_1_328' title='bbox 1038 3246 1121 3297; x_wconf 91' lang='lat' dir='ltr'><strong>neque</strong></span> <span class='ocrx_word' id='word_1_329' title='bbox 1133 3232 1256 3283; x_wconf 76' lang='lat' dir='ltr'><strong>satisfacit</strong></span> <span class='ocrx_word' id='word_1_330' title='bbox 1267 3232 1360 3283; x_wconf 82' lang='lat' dir='ltr'><strong>Davisii</strong></span> 
     </span>
     <span class='ocr_line' id='line_1_31' title="bbox 299 3321 1359 3385; baseline -0.001 -12"><span class='ocrx_word' id='word_1_331' title='bbox 299 3322 442 3374; x_wconf 87' lang='lat' dir='ltr'><strong>correctio:</strong></span> <span class='ocrx_word' id='word_1_332' title='bbox 455 3340 468 3366; x_wconf 78' lang='lat' dir='ltr'><strong>a</strong></span> <span class='ocrx_word' id='word_1_333' title='bbox 481 3322 628 3372; x_wconf 91' lang='lat' dir='ltr'><strong>continente</strong></span> <span class='ocrx_word' id='word_1_334' title='bbox 642 3322 734 3372; x_wconf 89' lang='lat' dir='ltr'><strong>ardore</strong></span> <span class='ocrx_word' id='word_1_335' title='bbox 745 3321 809 3371; x_wconf 91' lang='lat' dir='ltr'><strong>lucis</strong></span> <span class='ocrx_word' id='word_1_336' title='bbox 821 3321 919 3383; x_wconf 88' lang='lat' dir='ltr'><strong>orbem,</strong></span> <span class='ocrx_word' id='word_1_337' title='bbox 933 3321 976 3385; x_wconf 91' lang='lat' dir='ltr'><strong>qui</strong></span> <span class='ocrx_word' id='word_1_338' title='bbox 989 3322 1074 3385; x_wconf 86' lang='lat' dir='ltr'><strong>cingat</strong></span> <span class='ocrx_word' id='word_1_339' title='bbox 1089 3321 1176 3371; x_wconf 75' lang='lat' dir='ltr'><strong>caelum</strong></span> <span class='ocrx_word' id='word_1_340' title='bbox 1191 3340 1213 3379; x_wconf 82' lang='grc' dir='ltr'>ιι,</span> <span class='ocrx_word' id='word_1_341' title='bbox 1225 3334 1299 3385; x_wconf 86' lang='lat' dir='ltr'><strong>quam</strong></span> <span class='ocrx_word' id='word_1_342' title='bbox 1312 3322 1359 3372; x_wconf 89' lang='lat' dir='ltr'><strong>ad-</strong></span> 
     </span>
     <span class='ocr_line' id='line_1_32' title="bbox 300 3410 1359 3473; baseline 0.001 -14"><span class='ocrx_word' id='word_1_343' title='bbox 300 3410 371 3460; x_wconf 90' lang='lat' dir='ltr'><strong>misit</strong></span> <span class='ocrx_word' id='word_1_344' title='bbox 382 3411 504 3460; x_wconf 85' lang='lat' dir='ltr'><strong>Baiterns.</strong></span> <span class='ocrx_word' id='word_1_345' title='bbox 517 3411 637 3473; x_wconf 88' lang='lat' dir='ltr'><strong>Suspicor</strong></span> <span class='ocrx_word' id='word_1_346' title='bbox 646 3410 782 3473; x_wconf 89' lang='lat' dir='ltr'><strong>legendum</strong></span> <span class='ocrx_word' id='word_1_347' title='bbox 788 3424 862 3461; x_wconf 88' lang='lat' dir='ltr'><strong>esse:</strong></span> <span class='ocrx_word' id='word_1_348' title='bbox 876 3411 1010 3461; x_wconf 76' lang='lat' dir='ltr'><strong>«continet</strong></span> <span class='ocrx_word' id='word_1_349' title='bbox 1018 3411 1085 3459; x_wconf 88' lang='lat' dir='ltr'><strong>enirn</strong></span> <span class='ocrx_word' id='word_1_350' title='bbox 1093 3412 1184 3461; x_wconf 84' lang='lat' dir='ltr'><strong>ardore</strong></span> <span class='ocrx_word' id='word_1_351' title='bbox 1196 3410 1260 3461; x_wconf 92' lang='lat' dir='ltr'><strong>lucis</strong></span> <span class='ocrx_word' id='word_1_352' title='bbox 1270 3411 1359 3461; x_wconf 88' lang='lat' dir='ltr'><strong>orbem</strong></span> 
     </span>
     <span class='ocr_line' id='line_1_33' title="bbox 300 3499 1357 3564; baseline -0.001 -16"><span class='ocrx_word' id='word_1_353' title='bbox 300 3499 344 3563; x_wconf 91' lang='lat' dir='ltr'><strong>qul</strong></span> <span class='ocrx_word' id='word_1_354' title='bbox 355 3499 436 3563; x_wconf 82' lang='lat' dir='ltr'><strong>cingit</strong></span> <span class='ocrx_word' id='word_1_355' title='bbox 453 3499 543 3548; x_wconf 83' lang='lat' dir='ltr'><strong>caelnm</strong></span> <span class='ocrx_word' id='word_1_356' title='bbox 556 3507 603 3549; x_wconf 80' lang='lat' dir='ltr'><strong>net</strong></span> <span class='ocrx_word' id='word_1_357' title='bbox 618 3499 755 3549; x_wconf 92' lang='lat' dir='ltr'><strong>delendum</strong></span> <span class='ocrx_word' id='word_1_358' title='bbox 778 3513 836 3550; x_wconf 88' lang='lat' dir='ltr'><strong>esse</strong></span> <span class='ocrx_word' id='word_1_359' title='bbox 853 3500 961 3550; x_wconf 86' lang='lat' dir='ltr'><strong>incisum</strong></span> <span class='ocrx_word' id='word_1_360' title='bbox 971 3515 977 3548; x_wconf 91' lang='lat'><strong>:</strong></span> <span class='ocrx_word' id='word_1_361' title='bbox 989 3519 1001 3545; x_wconf 80' lang='lat' dir='ltr'><strong>a</strong></span> <span class='ocrx_word' id='word_1_362' title='bbox 1020 3513 1101 3564; x_wconf 92' lang='lat' dir='ltr'><strong>quem</strong></span> <span class='ocrx_word' id='word_1_363' title='bbox 1118 3501 1321 3563; x_wconf 85' lang='lat' dir='ltr'><strong>appellatdeum</strong></span> <span class='ocrx_word' id='word_1_364' title='bbox 1335 3520 1357 3561; x_wconf 82' lang='lat' dir='ltr'><strong>a,</strong></span> 
     </span>
     <span class='ocr_line' id='line_1_34' title="bbox 299 3587 1360 3653; baseline 0.004 -17"><span class='ocrx_word' id='word_1_365' title='bbox 299 3587 419 3651; x_wconf 88' lang='lat' dir='ltr'><strong>quoniam</strong></span> <span class='ocrx_word' id='word_1_366' title='bbox 438 3587 480 3638; x_wconf 89' lang='lat' dir='ltr'><strong>dei</strong></span> <span class='ocrx_word' id='word_1_367' title='bbox 497 3587 567 3638; x_wconf 91' lang='lat' dir='ltr'><strong>notio</strong></span> <span class='ocrx_word' id='word_1_368' title='bbox 578 3587 646 3637; x_wconf 90' lang='lat' dir='ltr'><strong>inest</strong></span> <span class='ocrx_word' id='word_1_369' title='bbox 656 3588 682 3637; x_wconf 93' lang='lat' dir='ltr'><strong>in</strong></span> <span class='ocrx_word' id='word_1_370' title='bbox 696 3601 758 3638; x_wconf 89' lang='lat' dir='ltr'><strong>voce</strong></span> <span class='ocrx_word' id='word_1_371' title='bbox 770 3588 889 3646; x_wconf 82' lang='lat' dir='ltr'><strong>divinam,</strong></span> <span class='ocrx_word' id='word_1_372' title='bbox 901 3595 928 3638; x_wconf 89' lang='lat' dir='ltr'><strong>et</strong></span> <span class='ocrx_word' id='word_1_373' title='bbox 940 3588 1046 3639; x_wconf 86' lang='lat' dir='ltr'><strong>verbum</strong></span> <span class='ocrx_word' id='word_1_374' title='bbox 1057 3590 1163 3653; x_wconf 84' lang='lat' dir='ltr'><strong>appellat</strong></span> <span class='ocrx_word' id='word_1_375' title='bbox 1174 3589 1267 3652; x_wconf 88' lang='lat' dir='ltr'><strong>legitur</strong></span> <span class='ocrx_word' id='word_1_376' title='bbox 1278 3591 1303 3639; x_wconf 91' lang='lat' dir='ltr'><strong>in</strong></span> <span class='ocrx_word' id='word_1_377' title='bbox 1316 3603 1360 3640; x_wconf 88' lang='lat' dir='ltr'><strong>sn·</strong></span> 
     </span>
     <span class='ocr_line' id='line_1_35' title="bbox 300 3677 505 3740; baseline -0.015 -14"><span class='ocrx_word' id='word_1_378' title='bbox 300 3677 401 3740; x_wconf 89' lang='lat' dir='ltr'><strong>periore</strong></span> <span class='ocrx_word' id='word_1_379' title='bbox 420 3690 505 3727; x_wconf 82' lang='lat' dir='ltr'><strong>versu.</strong></span> 
     </span>
    </p>

    <p class='ocr_par' dir='ltr' id='par_1_5' title="bbox 298 3766 1360 4075">
     <span class='ocr_line' id='line_1_36' title="bbox 329 3766 1357 3830; baseline 0 -14"><span class='ocrx_word' id='word_1_380' title='bbox 329 3766 383 3824; x_wconf 88' lang='lat' dir='ltr'><strong>llll,</strong></span> <span class='ocrx_word' id='word_1_381' title='bbox 396 3766 459 3830; x_wconf 67' lang='lat'><strong>§29-</strong></span> <span class='ocrx_word' id='word_1_382' title='bbox 478 3766 632 3817; x_wconf 75' lang='lat' dir='ltr'><strong>Aduerbium</strong></span> <span class='ocrx_word' id='word_1_383' title='bbox 650 3767 750 3816; x_wconf 85' lang='lat' dir='ltr'><strong>omnino</strong></span> <span class='ocrx_word' id='word_1_384' title='bbox 770 3767 872 3817; x_wconf 82' lang='lat' dir='ltr'><strong>videtur</strong></span> <span class='ocrx_word' id='word_1_385' title='bbox 890 3767 1030 3829; x_wconf 87' lang='lat' dir='ltr'><strong>abundare,</strong></span> <span class='ocrx_word' id='word_1_386' title='bbox 1047 3776 1106 3817; x_wconf 89' lang='lat' dir='ltr'><strong>ante</strong></span> <span class='ocrx_word' id='word_1_387' title='bbox 1125 3769 1160 3817; x_wconf 90' lang='lat' dir='ltr'><strong>ita</strong></span> <span class='ocrx_word' id='word_1_388' title='bbox 1172 3768 1241 3825; x_wconf 84' lang='lat' dir='ltr'><strong>tollit,</strong></span> <span class='ocrx_word' id='word_1_389' title='bbox 1255 3774 1307 3817; x_wconf 88' lang='lat' dir='ltr'><strong>tum</strong></span> <span class='ocrx_word' id='word_1_390' title='bbox 1323 3768 1357 3816; x_wconf 87' lang='lat' dir='ltr'><strong>ob</strong></span> 
     </span>
     <span class='ocr_line' id='line_1_37' title="bbox 299 3855 1359 3920; baseline 0.001 -16"><span class='ocrx_word' id='word_1_391' title='bbox 299 3856 375 3905; x_wconf 87' lang='lat' dir='ltr'><strong>istam</strong></span> <span class='ocrx_word' id='word_1_392' title='bbox 387 3856 544 3918; x_wconf 86' lang='lat' dir='ltr'><strong>particulam,</strong></span> <span class='ocrx_word' id='word_1_393' title='bbox 558 3863 610 3905; x_wconf 90' lang='lat' dir='ltr'><strong>turn</strong></span> <span class='ocrx_word' id='word_1_394' title='bbox 622 3855 656 3905; x_wconf 90' lang='lat' dir='ltr'><strong>ub</strong></span> <span class='ocrx_word' id='word_1_395' title='bbox 668 3856 766 3905; x_wconf 85' lang='lat' dir='ltr'><strong>omnino</strong></span> <span class='ocrx_word' id='word_1_396' title='bbox 785 3856 852 3919; x_wconf 90' lang='lat' dir='ltr'><strong>qnod</strong></span> <span class='ocrx_word' id='word_1_397' title='bbox 865 3869 941 3919; x_wconf 89' lang='lat' dir='ltr'><strong>snpra</strong></span> <span class='ocrx_word' id='word_1_398' title='bbox 958 3857 1059 3920; x_wconf 90' lang='lat' dir='ltr'><strong>legitur.</strong></span> <span class='ocrx_word' id='word_1_399' title='bbox 1070 3858 1120 3919; x_wconf 61' lang='grc' dir='ltr'><strong>-ξ</strong></span> <span class='ocrx_word' id='word_1_400' title='bbox 1132 3857 1171 3907; x_wconf 85' lang='lat'><strong>30.</strong></span> <span class='ocrx_word' id='word_1_401' title='bbox 1183 3857 1296 3907; x_wconf 85' lang='lat' dir='ltr'><strong>Baiterus</strong></span> <span class='ocrx_word' id='word_1_402' title='bbox 1314 3868 1359 3906; x_wconf 91' lang='lat' dir='ltr'><strong>se-</strong></span> 
     </span>
     <span class='ocr_line' id='line_1_38' title="bbox 298 3940 1360 4014; baseline 0.003 -25"><span class='ocrx_word' id='word_1_403' title='bbox 298 3940 375 3991; x_wconf 89' lang='lat' dir='ltr'><strong>clusit</strong></span> <span class='ocrx_word' id='word_1_404' title='bbox 385 3940 510 3991; x_wconf 88' lang='lat' dir='ltr'><strong>incisum:</strong></span> <span class='ocrx_word' id='word_1_405' title='bbox 525 3963 535 3985; x_wconf 81' lang='grc' dir='ltr'>ι</span> <span class='ocrx_word' id='word_1_406' title='bbox 550 3948 577 3990; x_wconf 90' lang='lat' dir='ltr'><strong>nt</strong></span> <span class='ocrx_word' id='word_1_407' title='bbox 588 3940 669 3991; x_wconf 76' lang='lat' dir='ltr'><strong>Greci</strong></span> <span class='ocrx_word' id='word_1_408' title='bbox 684 3941 773 3992; x_wconf 85' lang='lat' dir='ltr'><strong>dicunt</strong></span> <span class='ocrx_word' id='word_1_409' title='bbox 795 3941 925 4014; x_wconf 78' lang='grc' dir='ltr'>ἀσώματοι</span> <span class='ocrx_word' id='word_1_410' title='bbox 942 3960 955 3986; x_wconf 94' lang='grc' dir='ltr'><strong>ιι</strong></span> <span class='ocrx_word' id='word_1_411' title='bbox 964 3941 1015 4005; x_wconf 86' lang='lat' dir='ltr'><strong>jam</strong></span> <span class='ocrx_word' id='word_1_412' title='bbox 1035 3949 1180 4005; x_wconf 88' lang='lat' dir='ltr'><strong>suspectum</strong></span> <span class='ocrx_word' id='word_1_413' title='bbox 1197 3940 1315 3992; x_wconf 86' lang='lat' dir='ltr'><strong>Wallrero</strong></span> <span class='ocrx_word' id='word_1_414' title='bbox 1333 3948 1360 3992; x_wconf 89' lang='lat' dir='ltr'><strong>et</strong></span> 
     </span>
     <span class='ocr_line' id='line_1_39' title="bbox 299 4024 457 4075; baseline -0.006 -2"><span class='ocrx_word' id='word_1_415' title='bbox 299 4024 457 4075; x_wconf 80' lang='lat' dir='ltr'><strong>Heindorfio.</strong></span> 
     </span>
    </p>

    <p class='ocr_par' dir='ltr' id='par_1_6' title="bbox 296 4112 1359 4444">
     <span class='ocr_line' id='line_1_40' title="bbox 330 4112 1359 4175; baseline 0.003 -13"><span class='ocrx_word' id='word_1_416' title='bbox 330 4112 394 4173; x_wconf 83' lang='lat' dir='ltr'><strong>lilll,</strong></span> <span class='ocrx_word' id='word_1_417' title='bbox 407 4112 465 4175; x_wconf 74' lang='grc'><strong>533.</strong></span> <span class='ocrx_word' id='word_1_418' title='bbox 479 4113 614 4169; x_wconf 72' lang='lat' dir='ltr'><strong>Nomento</strong></span> <span class='ocrx_word' id='word_1_419' title='bbox 628 4115 776 4171; x_wconf 70' lang='lat' dir='ltr'><strong>dissentiens,</strong></span> <span class='ocrx_word' id='word_1_420' title='bbox 786 4113 891 4165; x_wconf 90' lang='lat' dir='ltr'><strong>deestin</strong></span> <span class='ocrx_word' id='word_1_421' title='bbox 899 4114 1030 4165; x_wconf 86' lang='lat' dir='ltr'><strong>codicibus</strong></span> <span class='ocrx_word' id='word_1_422' title='bbox 1039 4128 1045 4173; x_wconf 91' lang='lat'>;</span> <span class='ocrx_word' id='word_1_423' title='bbox 1054 4114 1166 4164; x_wconf 88' lang='lat' dir='ltr'><strong>additum</strong></span> <span class='ocrx_word' id='word_1_424' title='bbox 1174 4113 1359 4165; x_wconf 85' lang='lat' dir='ltr'><strong>luitallanntio</strong></span> 
     </span>
     <span class='ocr_line' id='line_1_41' title="bbox 296 4202 1359 4267; baseline 0.001 -15"><span class='ocrx_word' id='word_1_425' title='bbox 296 4202 339 4252; x_wconf 89' lang='lat' dir='ltr'><strong>cui</strong></span> <span class='ocrx_word' id='word_1_426' title='bbox 351 4202 486 4265; x_wconf 85' lang='lat' dir='ltr'><strong>obsequuti</strong></span> <span class='ocrx_word' id='word_1_427' title='bbox 505 4210 565 4252; x_wconf 87' lang='lat' dir='ltr'><strong>sunt</strong></span> <span class='ocrx_word' id='word_1_428' title='bbox 583 4203 696 4267; x_wconf 87' lang='lat' dir='ltr'><strong>plerique</strong></span> <span class='ocrx_word' id='word_1_429' title='bbox 713 4204 840 4262; x_wconf 83' lang='lat' dir='ltr'><strong>editores;</strong></span> <span class='ocrx_word' id='word_1_430' title='bbox 852 4203 934 4261; x_wconf 86' lang='lat' dir='ltr'><strong>aliter,</strong></span> <span class='ocrx_word' id='word_1_431' title='bbox 948 4204 1067 4264; x_wconf 88' lang='lat' dir='ltr'><strong>arbitror,</strong></span> <span class='ocrx_word' id='word_1_432' title='bbox 1081 4203 1177 4254; x_wconf 85' lang='lat' dir='ltr'><strong>Tullius</strong></span> <span class='ocrx_word' id='word_1_433' title='bbox 1194 4204 1359 4254; x_wconf 87' lang='lat' dir='ltr'><strong>indicavisset</strong></span> 
     </span>
     <span class='ocr_line' id='line_1_42' title="bbox 299 4291 1357 4356; baseline 0.001 -14"><span class='ocrx_word' id='word_1_434' title='bbox 299 4292 444 4343; x_wconf 73' lang='lat' dir='ltr'><strong>Aristotelis</strong></span> <span class='ocrx_word' id='word_1_435' title='bbox 455 4305 513 4341; x_wconf 85' lang='lat' dir='ltr'><strong>cum</strong></span> <span class='ocrx_word' id='word_1_436' title='bbox 527 4291 628 4342; x_wconf 79' lang='lat' dir='ltr'><strong>Platone</strong></span> <span class='ocrx_word' id='word_1_437' title='bbox 640 4306 793 4343; x_wconf 85' lang='lat' dir='ltr'><strong>consensum</strong></span> <span class='ocrx_word' id='word_1_438' title='bbox 806 4294 911 4356; x_wconf 89' lang='lat' dir='ltr'><strong>quinon</strong></span> <span class='ocrx_word' id='word_1_439' title='bbox 926 4293 1014 4356; x_wconf 91' lang='lat' dir='ltr'><strong>plenus</strong></span> <span class='ocrx_word' id='word_1_440' title='bbox 1026 4302 1090 4343; x_wconf 90' lang='lat' dir='ltr'><strong>erat.</strong></span> <span class='ocrx_word' id='word_1_441' title='bbox 1105 4321 1136 4329; x_wconf 93' lang='lat'><em>-</em></span> <span class='ocrx_word' id='word_1_442' title='bbox 1149 4294 1252 4343; x_wconf 84' lang='lat' dir='ltr'><strong>Platane</strong></span> <span class='ocrx_word' id='word_1_443' title='bbox 1266 4291 1357 4343; x_wconf 77' lang='lat' dir='ltr'><strong>abesse</strong></span> 
     </span>
     <span class='ocr_line' id='line_1_43' title="bbox 300 4379 1358 4444; baseline 0.001 -14"><span class='ocrx_word' id='word_1_444' title='bbox 300 4387 393 4444; x_wconf 85' lang='lat' dir='ltr'><strong>potest.</strong></span> <span class='ocrx_word' id='word_1_445' title='bbox 413 4406 445 4417; x_wconf 84' lang='lat'><strong>-·</strong></span> <span class='ocrx_word' id='word_1_446' title='bbox 467 4380 480 4442; x_wconf 73' lang='grc'><strong>5</strong></span> <span class='ocrx_word' id='word_1_447' title='bbox 498 4379 537 4430; x_wconf 77' lang='grc'><strong>34.</strong></span> <span class='ocrx_word' id='word_1_448' title='bbox 555 4384 576 4431; x_wconf 75' lang='grc' dir='ltr'><strong>Δ</strong></span> <span class='ocrx_word' id='word_1_449' title='bbox 596 4380 712 4431; x_wconf 88' lang='lat' dir='ltr'><strong>codicum</strong></span> <span class='ocrx_word' id='word_1_450' title='bbox 731 4381 867 4431; x_wconf 81' lang='lat' dir='ltr'><strong>lectione«</strong></span> <span class='ocrx_word' id='word_1_451' title='bbox 881 4389 907 4432; x_wconf 90' lang='lat' dir='ltr'><strong>et</strong></span> <span class='ocrx_word' id='word_1_452' title='bbox 920 4388 1001 4432; x_wconf 77' lang='lat' dir='ltr'><strong>umen</strong></span> <span class='ocrx_word' id='word_1_453' title='bbox 1021 4382 1097 4432; x_wconf 90' lang='lat' dir='ltr'><strong>rncdn</strong></span> <span class='ocrx_word' id='word_1_454' title='bbox 1116 4381 1236 4432; x_wconf 89' lang='lat' dir='ltr'><strong>mundum</strong></span> <span class='ocrx_word' id='word_1_455' title='bbox 1250 4398 1263 4426; x_wconf 90' lang='grc' dir='ltr'><strong>ιι</strong></span> <span class='ocrx_word' id='word_1_456' title='bbox 1276 4380 1358 4431; x_wconf 88' lang='lat' dir='ltr'><strong>minus</strong></span> 
     </span>
    </p>
   </div>
   <div class='ocr_carea' id='block_1_3' title="bbox 0 0 1668 5159">
    <p class='ocr_par' dir='ltr' id='par_1_7' title="bbox 0 0 1668 5159">
     <span class='ocr_line' id='line_1_44' title="bbox 0 0 1668 5159; baseline 0 0"><span class='ocrx_word' id='word_1_457' title='bbox 0 0 1668 5159; x_wconf 95' lang='lat' dir='ltr'><strong> </strong></span> 
     </span>
    </p>
   </div>
  </div>
 </body>
</html>
