<?xml version="1.0" encoding="UTF-8"?>
<!DOCTYPE html PUBLIC "-//W3C//DTD XHTML 1.0 Transitional//EN"
    "http://www.w3.org/TR/xhtml1/DTD/xhtml1-transitional.dtd">
<html xmlns="http://www.w3.org/1999/xhtml" xml:lang="en" lang="en">
 <head>
  <title>
</title>
<meta http-equiv="Content-Type" content="text/html;charset=utf-8" />
  <meta name='ocr-system' content='tesseract 3.04.00' />
  <meta name='ocr-capabilities' content='ocr_page ocr_carea ocr_par ocr_line ocrx_word'/>
</head>
<body>
  <div class='ocr_page' id='page_1' title='image "./inciceronislibr00vaucgoog_0011.png"; bbox 0 0 3325 5159; ppageno 0'>
   <div class='ocr_carea' id='block_1_1' title="bbox 471 581 1331 653">
    <p class='ocr_par' dir='ltr' id='par_1_1' title="bbox 471 581 1331 653">
     <span class='ocr_line' id='line_1_1' title="bbox 471 581 1331 653; baseline 0.009 -18"><span class='ocrx_word' id='word_1_1' title='bbox 471 581 706 637; x_wconf 79' lang='lat' dir='ltr'>lcaoaurcouuu</span> <span class='ocrx_word' id='word_1_2' title='bbox 720 593 852 637; x_wconf 86' lang='lat' dir='ltr'>raroauu</span> <span class='ocrx_word' id='word_1_3' title='bbox 867 582 902 651; x_wconf 90' lang='lat' dir='ltr'>ll,</span> <span class='ocrx_word' id='word_1_4' title='bbox 916 595 1020 653; x_wconf 79' lang='lat' dir='ltr'>itu-xv,</span> <span class='ocrx_word' id='word_1_5' title='bbox 1037 584 1131 641; x_wconf 83' lang='grc'><strong>36-41.</strong></span> <span class='ocrx_word' id='word_1_6' title='bbox 1314 587 1331 643; x_wconf 88' lang='grc'><strong><em>3</em></strong></span> 
     </span>
    </p>
   </div>
   <div class='ocr_carea' id='block_1_2' title="bbox 252 708 1331 4327">
    <p class='ocr_par' dir='ltr' id='par_1_2' title="bbox 261 708 1331 1578">
     <span class='ocr_line' id='line_1_2' title="bbox 264 708 1330 786; baseline 0.005 -20"><span class='ocrx_word' id='word_1_7' title='bbox 264 719 316 783; x_wconf 85' lang='lat' dir='ltr'>vig.</span> <span class='ocrx_word' id='word_1_8' title='bbox 327 717 446 780; x_wconf 77' lang='lat' dir='ltr'>(ibidem)</span> <span class='ocrx_word' id='word_1_9' title='bbox 457 718 545 779; x_wconf 73' lang='lat' dir='ltr'>legere</span> <span class='ocrx_word' id='word_1_10' title='bbox 559 718 619 767; x_wconf 87' lang='lat' dir='ltr'>velit</span> <span class='ocrx_word' id='word_1_11' title='bbox 630 731 688 767; x_wconf 94' lang='lat' dir='ltr'>cum</span> <span class='ocrx_word' id='word_1_12' title='bbox 701 718 811 776; x_wconf 91' lang='lat' dir='ltr'>Davisio,</span> <span class='ocrx_word' id='word_1_13' title='bbox 824 733 856 769; x_wconf 85' lang='lat' dir='ltr'>ex</span> <span class='ocrx_word' id='word_1_14' title='bbox 868 721 926 770; x_wconf 89' lang='lat' dir='ltr'>cod.</span> <span class='ocrx_word' id='word_1_15' title='bbox 938 708 957 780; x_wconf 72' lang='grc' dir='ltr'>ψ</span> <span class='ocrx_word' id='word_1_16' title='bbox 969 720 1049 770; x_wconf 83' lang='lat' dir='ltr'>Oxou.</span> <span class='ocrx_word' id='word_1_17' title='bbox 1060 736 1067 768; x_wconf 74' lang='grc' dir='ltr'>ι</span> <span class='ocrx_word' id='word_1_18' title='bbox 1079 721 1191 771; x_wconf 82' lang='lat' dir='ltr'>«Verum</span> <span class='ocrx_word' id='word_1_19' title='bbox 1204 722 1265 773; x_wconf 92' lang='lat' dir='ltr'>illud</span> <span class='ocrx_word' id='word_1_20' title='bbox 1277 723 1330 786; x_wconf 94' lang='lat' dir='ltr'>qui·</span> 
     </span>
     <span class='ocr_line' id='line_1_3' title="bbox 263 807 1329 871; baseline 0.001 -13"><span class='ocrx_word' id='word_1_21' title='bbox 263 810 322 859; x_wconf 87' lang='lat' dir='ltr'>dem</span> <span class='ocrx_word' id='word_1_22' title='bbox 334 811 358 856; x_wconf 86' lang='lat' dir='ltr'>et</span> <span class='ocrx_word' id='word_1_23' title='bbox 369 807 523 869; x_wconf 86' lang='lat' dir='ltr'>impressum</span> <span class='ocrx_word' id='word_1_24' title='bbox 536 808 561 855; x_wconf 89' lang='lat' dir='ltr'>in</span> <span class='ocrx_word' id='word_1_25' title='bbox 574 808 658 856; x_wconf 91' lang='lat' dir='ltr'>animo</span> <span class='ocrx_word' id='word_1_26' title='bbox 670 814 746 869; x_wconf 89' lang='lat' dir='ltr'>atque</span> <span class='ocrx_word' id='word_1_27' title='bbox 756 815 871 857; x_wconf 85' lang='lat' dir='ltr'>mente».</span> <span class='ocrx_word' id='word_1_28' title='bbox 880 808 1005 871; x_wconf 77' lang='lat' dir='ltr'>Equidem</span> <span class='ocrx_word' id='word_1_29' title='bbox 1019 809 1113 869; x_wconf 89' lang='lat' dir='ltr'>malim,</span> <span class='ocrx_word' id='word_1_30' title='bbox 1122 823 1179 858; x_wconf 94' lang='lat' dir='ltr'>cum</span> <span class='ocrx_word' id='word_1_31' title='bbox 1193 810 1329 861; x_wconf 84' lang='lat' dir='ltr'>Lambino:</span> 
     </span>
     <span class='ocr_line' id='line_1_4' title="bbox 264 896 1330 960; baseline -0.001 -13"><span class='ocrx_word' id='word_1_32' title='bbox 264 915 276 939; x_wconf 71' lang='grc' dir='ltr'><strong>α</strong></span> <span class='ocrx_word' id='word_1_33' title='bbox 294 898 354 947; x_wconf 86' lang='lat' dir='ltr'>Vere</span> <span class='ocrx_word' id='word_1_34' title='bbox 365 898 427 947; x_wconf 91' lang='lat' dir='ltr'>illud</span> <span class='ocrx_word' id='word_1_35' title='bbox 439 896 542 959; x_wconf 86' lang='lat' dir='ltr'>quidem</span> <span class='ocrx_word' id='word_1_36' title='bbox 555 896 718 957; x_wconf 89' lang='lat' dir='ltr'>impressum,</span> <span class='ocrx_word' id='word_1_37' title='bbox 726 902 777 945; x_wconf 86' lang='lat' dir='ltr'>etc.</span> <span class='ocrx_word' id='word_1_38' title='bbox 788 915 801 939; x_wconf 83' lang='grc'>11</span> <span class='ocrx_word' id='word_1_39' title='bbox 813 896 839 944; x_wconf 92' lang='lat' dir='ltr'>in</span> <span class='ocrx_word' id='word_1_40' title='bbox 852 909 900 959; x_wconf 91' lang='lat' dir='ltr'>qua</span> <span class='ocrx_word' id='word_1_41' title='bbox 914 897 1023 946; x_wconf 88' lang='lat' dir='ltr'>lectione</span> <span class='ocrx_word' id='word_1_42' title='bbox 1035 897 1098 945; x_wconf 85' lang='lat' dir='ltr'>nihil</span> <span class='ocrx_word' id='word_1_43' title='bbox 1110 897 1256 960; x_wconf 82' lang='lat' dir='ltr'>ambiguum</span> <span class='ocrx_word' id='word_1_44' title='bbox 1270 899 1330 947; x_wconf 91' lang='lat' dir='ltr'>sub-</span> 
     </span>
     <span class='ocr_line' id='line_1_5' title="bbox 264 985 1331 1050; baseline 0.003 -16"><span class='ocrx_word' id='word_1_45' title='bbox 264 994 311 1034; x_wconf 88' lang='lat' dir='ltr'>est.</span> <span class='ocrx_word' id='word_1_46' title='bbox 325 1013 352 1021; x_wconf 88' lang='lat'><em>-</em></span> <span class='ocrx_word' id='word_1_47' title='bbox 373 986 435 1048; x_wconf 70' lang='grc'>536.</span> <span class='ocrx_word' id='word_1_48' title='bbox 449 985 643 1048; x_wconf 74' lang='lat' dir='ltr'>conjunctivum</span> <span class='ocrx_word' id='word_1_49' title='bbox 662 986 779 1033; x_wconf 83' lang='lat' dir='ltr'>accedant</span> <span class='ocrx_word' id='word_1_50' title='bbox 797 985 889 1033; x_wconf 86' lang='lat' dir='ltr'>deberi</span> <span class='ocrx_word' id='word_1_51' title='bbox 908 985 999 1047; x_wconf 83' lang='lat' dir='ltr'>opinor</span> <span class='ocrx_word' id='word_1_52' title='bbox 1015 985 1145 1048; x_wconf 79' lang='lat' dir='ltr'>particulae</span> <span class='ocrx_word' id='word_1_53' title='bbox 1163 988 1193 1047; x_wconf 82' lang='lat' dir='ltr'>si,</span> <span class='ocrx_word' id='word_1_54' title='bbox 1211 1001 1267 1050; x_wconf 85' lang='lat' dir='ltr'>quae</span> <span class='ocrx_word' id='word_1_55' title='bbox 1282 989 1331 1037; x_wconf 93' lang='lat' dir='ltr'>ad-</span> 
     </span>
     <span class='ocr_line' id='line_1_6' title="bbox 264 1073 1330 1138; baseline 0.001 -17"><span class='ocrx_word' id='word_1_56' title='bbox 264 1074 344 1123; x_wconf 92' lang='lat' dir='ltr'>verbii</span> <span class='ocrx_word' id='word_1_57' title='bbox 355 1075 389 1123; x_wconf 79' lang='lat' dir='ltr'>ric</span> <span class='ocrx_word' id='word_1_58' title='bbox 402 1075 485 1124; x_wconf 91' lang='lat' dir='ltr'>locum</span> <span class='ocrx_word' id='word_1_59' title='bbox 497 1074 627 1135; x_wconf 91' lang='lat' dir='ltr'>usurpavit</span> <span class='ocrx_word' id='word_1_60' title='bbox 640 1081 666 1122; x_wconf 92' lang='lat' dir='ltr'>et</span> <span class='ocrx_word' id='word_1_61' title='bbox 678 1080 756 1123; x_wconf 91' lang='lat' dir='ltr'>totam</span> <span class='ocrx_word' id='word_1_62' title='bbox 768 1074 922 1122; x_wconf 91' lang='lat' dir='ltr'>sententiam</span> <span class='ocrx_word' id='word_1_63' title='bbox 934 1073 1105 1131; x_wconf 80' lang='lat' dir='ltr'><strong>conturbavit,</strong></span> <span class='ocrx_word' id='word_1_64' title='bbox 1122 1088 1196 1138; x_wconf 91' lang='lat' dir='ltr'>quam</span> <span class='ocrx_word' id='word_1_65' title='bbox 1209 1075 1245 1124; x_wconf 89' lang='lat' dir='ltr'>sic</span> <span class='ocrx_word' id='word_1_66' title='bbox 1258 1076 1330 1125; x_wconf 90' lang='lat' dir='ltr'>resti-</span> 
     </span>
     <span class='ocr_line' id='line_1_7' title="bbox 264 1162 1329 1224; baseline 0 -13"><span class='ocrx_word' id='word_1_67' title='bbox 264 1162 383 1212; x_wconf 77' lang='lat' dir='ltr'><strong>tuendam</strong></span> <span class='ocrx_word' id='word_1_68' title='bbox 396 1175 455 1212; x_wconf 87' lang='lat' dir='ltr'>esse</span> <span class='ocrx_word' id='word_1_69' title='bbox 468 1169 544 1224; x_wconf 90' lang='lat' dir='ltr'>puto:</span> <span class='ocrx_word' id='word_1_70' title='bbox 560 1184 568 1203; x_wconf 67' lang='grc' dir='ltr'>ι</span> <span class='ocrx_word' id='word_1_71' title='bbox 584 1162 650 1211; x_wconf 84' lang='lat' dir='ltr'>Nom</span> <span class='ocrx_word' id='word_1_72' title='bbox 661 1162 704 1217; x_wconf 78' lang='lat' dir='ltr'>ric,</span> <span class='ocrx_word' id='word_1_73' title='bbox 718 1173 833 1223; x_wconf 86' lang='lat' dir='ltr'>magnam</span> <span class='ocrx_word' id='word_1_74' title='bbox 853 1167 948 1223; x_wconf 91' lang='lat' dir='ltr'>partem</span> <span class='ocrx_word' id='word_1_75' title='bbox 965 1163 1077 1224; x_wconf 75' lang='lat' dir='ltr'>quidem,</span> <span class='ocrx_word' id='word_1_76' title='bbox 1092 1169 1118 1211; x_wconf 91' lang='lat' dir='ltr'>ut</span> <span class='ocrx_word' id='word_1_77' title='bbox 1130 1163 1214 1212; x_wconf 89' lang='lat' dir='ltr'>solent</span> <span class='ocrx_word' id='word_1_78' title='bbox 1232 1163 1329 1223; x_wconf 83' lang='lat' dir='ltr'>dicere,</span> 
     </span>
     <span class='ocr_line' id='line_1_8' title="bbox 262 1248 1328 1313; baseline -0.002 -13"><span class='ocrx_word' id='word_1_79' title='bbox 262 1251 294 1300; x_wconf 90' lang='lat' dir='ltr'>ad</span> <span class='ocrx_word' id='word_1_80' title='bbox 306 1263 394 1300; x_wconf 87' lang='lat' dir='ltr'>verum</span> <span class='ocrx_word' id='word_1_81' title='bbox 406 1249 488 1313; x_wconf 93' lang='lat' dir='ltr'>ipsum</span> <span class='ocrx_word' id='word_1_82' title='bbox 505 1256 549 1299; x_wconf 88' lang='lat' dir='ltr'>aut</span> <span class='ocrx_word' id='word_1_83' title='bbox 564 1256 639 1312; x_wconf 87' lang='lat' dir='ltr'>quam</span> <span class='ocrx_word' id='word_1_84' title='bbox 660 1249 775 1311; x_wconf 76' lang='lat' dir='ltr'>proxime</span> <span class='ocrx_word' id='word_1_85' title='bbox 796 1248 922 1306; x_wconf 77' lang='lat' dir='ltr'>accedere,</span> <span class='ocrx_word' id='word_1_86' title='bbox 943 1250 1073 1300; x_wconf 88' lang='lat' dir='ltr'>conliderc</span> <span class='ocrx_word' id='word_1_87' title='bbox 1091 1251 1141 1300; x_wconf 88' lang='lat' dir='ltr'>sibi</span> <span class='ocrx_word' id='word_1_88' title='bbox 1159 1250 1297 1313; x_wconf 83' lang='lat' dir='ltr'>poterunt?</span> <span class='ocrx_word' id='word_1_89' title='bbox 1316 1271 1328 1294; x_wconf 75' lang='lat' dir='ltr'>n</span> 
     </span>
     <span class='ocr_line' id='line_1_9' title="bbox 264 1338 1329 1403; baseline 0.003 -16"><span class='ocrx_word' id='word_1_90' title='bbox 264 1339 373 1402; x_wconf 78' lang='lat' dir='ltr'>Madvig.</span> <span class='ocrx_word' id='word_1_91' title='bbox 391 1339 488 1389; x_wconf 81' lang='lat' dir='ltr'>addidit</span> <span class='ocrx_word' id='word_1_92' title='bbox 501 1353 532 1387; x_wconf 87' lang='lat' dir='ltr'>oe</span> <span class='ocrx_word' id='word_1_93' title='bbox 543 1345 603 1388; x_wconf 91' lang='lat' dir='ltr'>aute</span> <span class='ocrx_word' id='word_1_94' title='bbox 614 1338 644 1391; x_wconf 82' lang='lat' dir='ltr'>si,</span> <span class='ocrx_word' id='word_1_95' title='bbox 663 1338 703 1387; x_wconf 93' lang='lat' dir='ltr'>cui</span> <span class='ocrx_word' id='word_1_96' title='bbox 724 1338 837 1387; x_wconf 84' lang='lat' dir='ltr'>Halmius</span> <span class='ocrx_word' id='word_1_97' title='bbox 856 1338 1054 1400; x_wconf 90' lang='lat' dir='ltr'>obtemperavit.</span> <span class='ocrx_word' id='word_1_98' title='bbox 1067 1339 1138 1400; x_wconf 75' lang='lat' dir='ltr'>conj,</span> <span class='ocrx_word' id='word_1_99' title='bbox 1151 1340 1250 1403; x_wconf 80' lang='lat' dir='ltr'>quidem</span> <span class='ocrx_word' id='word_1_100' title='bbox 1269 1353 1329 1390; x_wconf 90' lang='lat' dir='ltr'>vero</span> 
     </span>
     <span class='ocr_line' id='line_1_10' title="bbox 264 1426 1330 1490; baseline 0.002 -15"><span class='ocrx_word' id='word_1_101' title='bbox 264 1426 374 1488; x_wconf 77' lang='lat' dir='ltr'>pertinet</span> <span class='ocrx_word' id='word_1_102' title='bbox 384 1428 415 1475; x_wconf 89' lang='lat' dir='ltr'>ad</span> <span class='ocrx_word' id='word_1_103' title='bbox 429 1426 505 1475; x_wconf 89' lang='lat' dir='ltr'>verba</span> <span class='ocrx_word' id='word_1_104' title='bbox 521 1448 531 1468; x_wconf 73' lang='grc' dir='ltr'>ι</span> <span class='ocrx_word' id='word_1_105' title='bbox 545 1438 662 1489; x_wconf 82' lang='lat' dir='ltr'>magnam</span> <span class='ocrx_word' id='word_1_106' title='bbox 675 1432 771 1488; x_wconf 87' lang='lat' dir='ltr'>partem</span> <span class='ocrx_word' id='word_1_107' title='bbox 789 1447 799 1467; x_wconf 71' lang='grc' dir='ltr'>ι»</span> <span class='ocrx_word' id='word_1_108' title='bbox 813 1440 863 1475; x_wconf 91' lang='lat' dir='ltr'>nou</span> <span class='ocrx_word' id='word_1_109' title='bbox 875 1427 906 1475; x_wconf 89' lang='lat' dir='ltr'>ad</span> <span class='ocrx_word' id='word_1_110' title='bbox 920 1441 966 1484; x_wconf 73' lang='lat' dir='ltr'>ne:</span> <span class='ocrx_word' id='word_1_111' title='bbox 980 1434 1006 1476; x_wconf 91' lang='lat' dir='ltr'>et</span> <span class='ocrx_word' id='word_1_112' title='bbox 1018 1439 1076 1476; x_wconf 92' lang='lat' dir='ltr'>raro</span> <span class='ocrx_word' id='word_1_113' title='bbox 1093 1427 1198 1476; x_wconf 91' lang='lat' dir='ltr'>verbum</span> <span class='ocrx_word' id='word_1_114' title='bbox 1210 1428 1330 1490; x_wconf 77' lang='lat' dir='ltr'>confidere</span> 
     </span>
     <span class='ocr_line' id='line_1_11' title="bbox 261 1516 533 1578; baseline -0.004 -14"><span class='ocrx_word' id='word_1_115' title='bbox 261 1516 378 1566; x_wconf 87' lang='lat' dir='ltr'>absolute</span> <span class='ocrx_word' id='word_1_116' title='bbox 389 1523 533 1578; x_wconf 89' lang='lat' dir='ltr'>usurpatur.</span> 
     </span>
    </p>

    <p class='ocr_par' dir='ltr' id='par_1_3' title="bbox 261 1603 1330 2286">
     <span class='ocr_line' id='line_1_12' title="bbox 292 1603 1330 1669; baseline 0.002 -16"><span class='ocrx_word' id='word_1_117' title='bbox 292 1605 345 1665; x_wconf 84' lang='lat' dir='ltr'>llll,</span> <span class='ocrx_word' id='word_1_118' title='bbox 363 1605 377 1669; x_wconf 69' lang='lat'>5</span> <span class='ocrx_word' id='word_1_119' title='bbox 393 1604 433 1654; x_wconf 81' lang='lat'>37.</span> <span class='ocrx_word' id='word_1_120' title='bbox 451 1604 559 1653; x_wconf 90' lang='lat' dir='ltr'>lucisum</span> <span class='ocrx_word' id='word_1_121' title='bbox 574 1620 580 1651; x_wconf 89' lang='lat'>:</span> <span class='ocrx_word' id='word_1_122' title='bbox 604 1624 614 1646; x_wconf 78' lang='grc' dir='ltr'>ι</span> <span class='ocrx_word' id='word_1_123' title='bbox 628 1604 767 1653; x_wconf 89' lang='lat' dir='ltr'>inanimum</span> <span class='ocrx_word' id='word_1_124' title='bbox 781 1603 843 1652; x_wconf 92' lang='lat' dir='ltr'>nibil</span> <span class='ocrx_word' id='word_1_125' title='bbox 859 1603 911 1667; x_wconf 84' lang='lat' dir='ltr'>agit</span> <span class='ocrx_word' id='word_1_126' title='bbox 925 1623 947 1661; x_wconf 78' lang='lat' dir='ltr'>o,</span> <span class='ocrx_word' id='word_1_127' title='bbox 961 1617 974 1653; x_wconf 91' lang='lat' dir='ltr'>a</span> <span class='ocrx_word' id='word_1_128' title='bbox 987 1604 1085 1654; x_wconf 80' lang='lat' dir='ltr'>Klotzio</span> <span class='ocrx_word' id='word_1_129' title='bbox 1098 1619 1230 1667; x_wconf 79' lang='lat' dir='ltr'>perperam</span> <span class='ocrx_word' id='word_1_130' title='bbox 1243 1607 1330 1656; x_wconf 91' lang='lat' dir='ltr'>redin-</span> 
     </span>
     <span class='ocr_line' id='line_1_13' title="bbox 263 1691 1328 1756; baseline 0.003 -14"><span class='ocrx_word' id='word_1_131' title='bbox 263 1699 388 1756; x_wconf 81' lang='lat' dir='ltr'>tegratum</span> <span class='ocrx_word' id='word_1_132' title='bbox 401 1694 547 1742; x_wconf 91' lang='lat' dir='ltr'>intervocc.</span> <span class='ocrx_word' id='word_1_133' title='bbox 562 1693 627 1756; x_wconf 84' lang='lat' dir='ltr'>quod</span> <span class='ocrx_word' id='word_1_134' title='bbox 639 1700 665 1741; x_wconf 88' lang='lat' dir='ltr'>et</span> <span class='ocrx_word' id='word_1_135' title='bbox 677 1691 782 1749; x_wconf 81' lang='lat' dir='ltr'>animal,</span> <span class='ocrx_word' id='word_1_136' title='bbox 795 1692 879 1742; x_wconf 93' lang='lat' dir='ltr'>denuo</span> <span class='ocrx_word' id='word_1_137' title='bbox 892 1693 986 1742; x_wconf 89' lang='lat' dir='ltr'>delevit</span> <span class='ocrx_word' id='word_1_138' title='bbox 998 1693 1225 1743; x_wconf 84' lang='lat' dir='ltr'>Halmius—Cum</span> <span class='ocrx_word' id='word_1_139' title='bbox 1238 1695 1328 1745; x_wconf 89' lang='lat' dir='ltr'>eodem</span> 
     </span>
     <span class='ocr_line' id='line_1_14' title="bbox 261 1780 1328 1846; baseline 0.005 -18"><span class='ocrx_word' id='word_1_140' title='bbox 261 1780 342 1843; x_wconf 81' lang='lat' dir='ltr'>legam</span> <span class='ocrx_word' id='word_1_141' title='bbox 357 1796 363 1828; x_wconf 76' lang='grc' dir='ltr'><strong>ε</strong></span> <span class='ocrx_word' id='word_1_142' title='bbox 377 1788 441 1830; x_wconf 79' lang='lat' dir='ltr'>«aut</span> <span class='ocrx_word' id='word_1_143' title='bbox 452 1793 481 1830; x_wconf 92' lang='lat' dir='ltr'>ea</span> <span class='ocrx_word' id='word_1_144' title='bbox 493 1794 549 1843; x_wconf 84' lang='lat' dir='ltr'>quae</span> <span class='ocrx_word' id='word_1_145' title='bbox 560 1781 591 1829; x_wconf 84' lang='lat' dir='ltr'>sit</span> <span class='ocrx_word' id='word_1_146' title='bbox 603 1782 627 1829; x_wconf 92' lang='lat' dir='ltr'>in</span> <span class='ocrx_word' id='word_1_147' title='bbox 640 1788 726 1830; x_wconf 90' lang='lat' dir='ltr'>nostra</span> <span class='ocrx_word' id='word_1_148' title='bbox 740 1787 866 1843; x_wconf 83' lang='lat' dir='ltr'>potestate</span> <span class='ocrx_word' id='word_1_149' title='bbox 878 1782 926 1830; x_wconf 90' lang='lat' dir='ltr'>sita</span> <span class='ocrx_word' id='word_1_150' title='bbox 938 1802 962 1842; x_wconf 71' lang='lat' dir='ltr'>a,</span> <span class='ocrx_word' id='word_1_151' title='bbox 973 1782 1019 1831; x_wconf 89' lang='lat' dir='ltr'>sed</span> <span class='ocrx_word' id='word_1_152' title='bbox 1031 1782 1115 1831; x_wconf 93' lang='lat' dir='ltr'>malim</span> <span class='ocrx_word' id='word_1_153' title='bbox 1126 1784 1246 1840; x_wconf 81' lang='lat' dir='ltr'>addendo,</span> <span class='ocrx_word' id='word_1_154' title='bbox 1261 1784 1328 1846; x_wconf 90' lang='lat' dir='ltr'>quod</span> 
     </span>
     <span class='ocr_line' id='line_1_15' title="bbox 262 1868 1329 1935; baseline 0.005 -19"><span class='ocrx_word' id='word_1_155' title='bbox 262 1869 401 1930; x_wconf 87' lang='lat' dir='ltr'>respondet</span> <span class='ocrx_word' id='word_1_156' title='bbox 412 1869 504 1918; x_wconf 92' lang='lat' dir='ltr'>melius</span> <span class='ocrx_word' id='word_1_157' title='bbox 516 1868 651 1931; x_wconf 91' lang='lat' dir='ltr'>participio</span> <span class='ocrx_word' id='word_1_158' title='bbox 668 1869 828 1924; x_wconf 82' lang='lat' dir='ltr'>adimendrrr;</span> <span class='ocrx_word' id='word_1_159' title='bbox 846 1882 904 1918; x_wconf 89' lang='lat' dir='ltr'>uam</span> <span class='ocrx_word' id='word_1_160' title='bbox 923 1871 945 1919; x_wconf 92' lang='lat' dir='ltr'>si</span> <span class='ocrx_word' id='word_1_161' title='bbox 962 1870 1032 1934; x_wconf 84' lang='lat' dir='ltr'>legas</span> <span class='ocrx_word' id='word_1_162' title='bbox 1049 1870 1181 1931; x_wconf 84' lang='lat' dir='ltr'>reddendo,</span> <span class='ocrx_word' id='word_1_163' title='bbox 1201 1872 1329 1935; x_wconf 82' lang='lat' dir='ltr'>significet</span> 
     </span>
     <span class='ocr_line' id='line_1_16' title="bbox 261 1956 1329 2021; baseline 0.005 -16"><span class='ocrx_word' id='word_1_164' title='bbox 261 1958 439 2007; x_wconf 85' lang='lat' dir='ltr'>adsensionem</span> <span class='ocrx_word' id='word_1_165' title='bbox 452 1956 531 2006; x_wconf 82' lang='lat' dir='ltr'>fuisse</span> <span class='ocrx_word' id='word_1_166' title='bbox 543 1963 670 2019; x_wconf 73' lang='lat' dir='ltr'>negatam.</span> <span class='ocrx_word' id='word_1_167' title='bbox 679 1958 740 2006; x_wconf 81' lang='lat' dir='ltr'>Cod.</span> <span class='ocrx_word' id='word_1_168' title='bbox 750 1957 784 2005; x_wconf 80' lang='lat'>13¹</span> <span class='ocrx_word' id='word_1_169' title='bbox 799 1958 843 2007; x_wconf 89' lang='lat' dir='ltr'>dat</span> <span class='ocrx_word' id='word_1_170' title='bbox 857 1958 1062 2021; x_wconf 69' lang='lat' dir='ltr'>emetienda-5</span> <span class='ocrx_word' id='word_1_171' title='bbox 1073 1959 1112 2008; x_wconf 84' lang='lat'>39.</span> <span class='ocrx_word' id='word_1_172' title='bbox 1123 1959 1271 2009; x_wconf 88' lang='lat' dir='ltr'>Lambiuum</span> <span class='ocrx_word' id='word_1_173' title='bbox 1284 1973 1329 2010; x_wconf 89' lang='lat' dir='ltr'>se-</span> 
     </span>
     <span class='ocr_line' id='line_1_17' title="bbox 261 2047 1329 2111; baseline 0.005 -16"><span class='ocrx_word' id='word_1_174' title='bbox 261 2060 326 2108; x_wconf 91' lang='lat' dir='ltr'>quor</span> <span class='ocrx_word' id='word_1_175' title='bbox 337 2047 380 2109; x_wconf 91' lang='lat' dir='ltr'>qui</span> <span class='ocrx_word' id='word_1_176' title='bbox 392 2047 455 2109; x_wconf 85' lang='lat' dir='ltr'>legit</span> <span class='ocrx_word' id='word_1_177' title='bbox 467 2048 585 2095; x_wconf 78' lang='lat' dir='ltr'>adsentiri</span> <span class='ocrx_word' id='word_1_178' title='bbox 596 2052 655 2095; x_wconf 92' lang='lat' dir='ltr'>ante</span> <span class='ocrx_word' id='word_1_179' title='bbox 667 2061 753 2110; x_wconf 82' lang='lat' dir='ltr'>quare,</span> <span class='ocrx_word' id='word_1_180' title='bbox 766 2048 825 2110; x_wconf 88' lang='lat' dir='ltr'>quia</span> <span class='ocrx_word' id='word_1_181' title='bbox 837 2054 931 2097; x_wconf 86' lang='lat' dir='ltr'>mutata</span> <span class='ocrx_word' id='word_1_182' title='bbox 944 2054 1071 2098; x_wconf 85' lang='lat' dir='ltr'>structura</span> <span class='ocrx_word' id='word_1_183' title='bbox 1081 2049 1122 2097; x_wconf 83' lang='lat' dir='ltr'>rix</span> <span class='ocrx_word' id='word_1_184' title='bbox 1134 2049 1281 2111; x_wconf 87' lang='lat' dir='ltr'>accipienda</span> <span class='ocrx_word' id='word_1_185' title='bbox 1289 2058 1329 2100; x_wconf 86' lang='lat' dir='ltr'>est</span> 
     </span>
     <span class='ocr_line' id='line_1_18' title="bbox 262 2136 1324 2202; baseline 0.005 -18"><span class='ocrx_word' id='word_1_186' title='bbox 262 2137 287 2184; x_wconf 93' lang='lat' dir='ltr'>in</span> <span class='ocrx_word' id='word_1_187' title='bbox 301 2144 350 2185; x_wconf 89' lang='lat' dir='ltr'>tam</span> <span class='ocrx_word' id='word_1_188' title='bbox 363 2136 435 2185; x_wconf 85' lang='lat' dir='ltr'>brevi</span> <span class='ocrx_word' id='word_1_189' title='bbox 447 2136 583 2193; x_wconf 87' lang='lat' dir='ltr'>sententia,</span> <span class='ocrx_word' id='word_1_190' title='bbox 602 2138 742 2197; x_wconf 71' lang='lat' dir='ltr'>praesertim</span> <span class='ocrx_word' id='word_1_191' title='bbox 760 2138 781 2185; x_wconf 93' lang='lat' dir='ltr'>si</span> <span class='ocrx_word' id='word_1_192' title='bbox 798 2139 858 2187; x_wconf 92' lang='lat' dir='ltr'>inde</span> <span class='ocrx_word' id='word_1_193' title='bbox 874 2139 970 2188; x_wconf 91' lang='lat' dir='ltr'>oriatur</span> <span class='ocrx_word' id='word_1_194' title='bbox 982 2151 1044 2187; x_wconf 88' lang='lat' dir='ltr'>usus</span> <span class='ocrx_word' id='word_1_195' title='bbox 1056 2139 1176 2201; x_wconf 86' lang='lat' dir='ltr'>loquendi</span> <span class='ocrx_word' id='word_1_196' title='bbox 1189 2140 1228 2188; x_wconf 89' lang='lat' dir='ltr'>rix</span> <span class='ocrx_word' id='word_1_197' title='bbox 1243 2139 1324 2202; x_wconf 79' lang='lat' dir='ltr'>legiti-</span> 
     </span>
     <span class='ocr_line' id='line_1_19' title="bbox 262 2225 900 2286; baseline 0.002 -15"><span class='ocrx_word' id='word_1_198' title='bbox 262 2238 327 2283; x_wconf 85' lang='lat' dir='ltr'>mus,</span> <span class='ocrx_word' id='word_1_199' title='bbox 340 2225 440 2274; x_wconf 87' lang='lat' dir='ltr'>scilicet</span> <span class='ocrx_word' id='word_1_200' title='bbox 452 2231 565 2286; x_wconf 91' lang='lat' dir='ltr'>potestas</span> <span class='ocrx_word' id='word_1_201' title='bbox 578 2226 675 2286; x_wconf 92' lang='lat' dir='ltr'>passiva</span> <span class='ocrx_word' id='word_1_202' title='bbox 690 2225 762 2274; x_wconf 83' lang='lat' dir='ltr'>verbi</span> <span class='ocrx_word' id='word_1_203' title='bbox 774 2226 900 2274; x_wconf 74' lang='lat' dir='ltr'>adsentiri.</span> 
     </span>
    </p>

    <p class='ocr_par' dir='ltr' id='par_1_4' title="bbox 260 2312 1327 2730">
     <span class='ocr_line' id='line_1_20' title="bbox 291 2312 1327 2379; baseline 0.005 -18"><span class='ocrx_word' id='word_1_204' title='bbox 291 2313 356 2372; x_wconf 83' lang='lat' dir='ltr'>lllll,</span> <span class='ocrx_word' id='word_1_205' title='bbox 374 2313 387 2376; x_wconf 60' lang='grc' dir='ltr'>ᾖ</span> <span class='ocrx_word' id='word_1_206' title='bbox 404 2314 443 2363; x_wconf 82' lang='lat' dir='ltr'>to.</span> <span class='ocrx_word' id='word_1_207' title='bbox 462 2312 559 2362; x_wconf 88' lang='lat' dir='ltr'>lialmio</span> <span class='ocrx_word' id='word_1_208' title='bbox 572 2312 677 2362; x_wconf 92' lang='lat' dir='ltr'>dubium</span> <span class='ocrx_word' id='word_1_209' title='bbox 690 2313 791 2363; x_wconf 90' lang='lat' dir='ltr'>videtur</span> <span class='ocrx_word' id='word_1_210' title='bbox 804 2314 910 2362; x_wconf 90' lang='lat' dir='ltr'>verbum</span> <span class='ocrx_word' id='word_1_211' title='bbox 920 2316 1032 2377; x_wconf 75' lang='lat' dir='ltr'>potestis,</span> <span class='ocrx_word' id='word_1_212' title='bbox 1045 2321 1071 2364; x_wconf 93' lang='lat' dir='ltr'>et</span> <span class='ocrx_word' id='word_1_213' title='bbox 1084 2316 1187 2378; x_wconf 90' lang='lat' dir='ltr'>conjicit</span> <span class='ocrx_word' id='word_1_214' title='bbox 1199 2317 1327 2379; x_wconf 83' lang='lat' dir='ltr'>oportebit,</span> 
     </span>
     <span class='ocr_line' id='line_1_21' title="bbox 261 2400 1327 2466; baseline 0.004 -17"><span class='ocrx_word' id='word_1_215' title='bbox 261 2402 393 2463; x_wconf 82' lang='lat' dir='ltr'>opuserit,·</span> <span class='ocrx_word' id='word_1_216' title='bbox 412 2401 497 2449; x_wconf 89' lang='lat' dir='ltr'>malim</span> <span class='ocrx_word' id='word_1_217' title='bbox 508 2404 611 2465; x_wconf 86' lang='lat' dir='ltr'>porest.</span> <span class='ocrx_word' id='word_1_218' title='bbox 630 2429 660 2435; x_wconf 95' lang='lat'>—</span> <span class='ocrx_word' id='word_1_219' title='bbox 677 2400 690 2464; x_wconf 57' lang='grc' dir='ltr'>ᾗ</span> <span class='ocrx_word' id='word_1_220' title='bbox 707 2400 746 2449; x_wconf 75' lang='lat' dir='ltr'>te.</span> <span class='ocrx_word' id='word_1_221' title='bbox 765 2402 818 2450; x_wconf 90' lang='lat' dir='ltr'>Nou</span> <span class='ocrx_word' id='word_1_222' title='bbox 836 2401 908 2450; x_wconf 87' lang='lat' dir='ltr'>iacile</span> <span class='ocrx_word' id='word_1_223' title='bbox 927 2401 1078 2465; x_wconf 80' lang='lat' dir='ltr'>intelligitur</span> <span class='ocrx_word' id='word_1_224' title='bbox 1097 2404 1163 2465; x_wconf 91' lang='lat' dir='ltr'>quod</span> <span class='ocrx_word' id='word_1_225' title='bbox 1183 2404 1327 2466; x_wconf 82' lang='lat' dir='ltr'>significare</span> 
     </span>
     <span class='ocr_line' id='line_1_22' title="bbox 262 2489 1325 2555; baseline 0.001 -17"><span class='ocrx_word' id='word_1_226' title='bbox 262 2490 340 2538; x_wconf 84' lang='lat' dir='ltr'>voluit</span> <span class='ocrx_word' id='word_1_227' title='bbox 351 2496 439 2539; x_wconf 89' lang='lat' dir='ltr'>noster</span> <span class='ocrx_word' id='word_1_228' title='bbox 451 2489 500 2539; x_wconf 93' lang='lat' dir='ltr'>boc</span> <span class='ocrx_word' id='word_1_229' title='bbox 512 2490 593 2539; x_wconf 89' lang='lat' dir='ltr'>inciso</span> <span class='ocrx_word' id='word_1_230' title='bbox 607 2505 613 2537; x_wconf 92' lang='lat'>:</span> <span class='ocrx_word' id='word_1_231' title='bbox 629 2511 638 2530; x_wconf 75' lang='grc' dir='ltr'>ι</span> <span class='ocrx_word' id='word_1_232' title='bbox 653 2502 728 2552; x_wconf 89' lang='lat' dir='ltr'>quam</span> <span class='ocrx_word' id='word_1_233' title='bbox 740 2490 872 2539; x_wconf 89' lang='lat' dir='ltr'>obscurari</span> <span class='ocrx_word' id='word_1_234' title='bbox 885 2490 973 2539; x_wconf 89' lang='lat' dir='ltr'>volunt</span> <span class='ocrx_word' id='word_1_235' title='bbox 986 2505 1012 2549; x_wconf 77' lang='grc'>»;</span> <span class='ocrx_word' id='word_1_236' title='bbox 1026 2491 1141 2540; x_wconf 86' lang='lat' dir='ltr'>Davisius</span> <span class='ocrx_word' id='word_1_237' title='bbox 1153 2492 1306 2555; x_wconf 85' lang='lat' dir='ltr'>conjiciebat</span> <span class='ocrx_word' id='word_1_238' title='bbox 1319 2508 1325 2539; x_wconf 76' lang='grc' dir='ltr'>ι</span> 
     </span>
     <span class='ocr_line' id='line_1_23' title="bbox 262 2578 1326 2642; baseline 0.003 -15"><span class='ocrx_word' id='word_1_239' title='bbox 262 2600 273 2621; x_wconf 70' lang='lat' dir='ltr'>v</span> <span class='ocrx_word' id='word_1_240' title='bbox 286 2592 343 2642; x_wconf 84' lang='lat' dir='ltr'>quae</span> <span class='ocrx_word' id='word_1_241' title='bbox 354 2579 493 2628; x_wconf 87' lang='lat' dir='ltr'>obscurare</span> <span class='ocrx_word' id='word_1_242' title='bbox 506 2579 593 2628; x_wconf 92' lang='lat' dir='ltr'>volunt</span> <span class='ocrx_word' id='word_1_243' title='bbox 606 2593 634 2638; x_wconf 83' lang='lat'>»;</span> <span class='ocrx_word' id='word_1_244' title='bbox 647 2578 773 2628; x_wconf 85' lang='lat' dir='ltr'>Cbristius</span> <span class='ocrx_word' id='word_1_245' title='bbox 787 2595 793 2627; x_wconf 76' lang='grc' dir='ltr'>ι</span> <span class='ocrx_word' id='word_1_246' title='bbox 808 2598 820 2620; x_wconf 76' lang='lat' dir='ltr'><strong><em>a</em></strong></span> <span class='ocrx_word' id='word_1_247' title='bbox 834 2591 909 2641; x_wconf 89' lang='lat' dir='ltr'>quam</span> <span class='ocrx_word' id='word_1_248' title='bbox 926 2579 1058 2629; x_wconf 89' lang='lat' dir='ltr'>observari</span> <span class='ocrx_word' id='word_1_249' title='bbox 1071 2580 1160 2629; x_wconf 92' lang='lat' dir='ltr'>nolunt</span> <span class='ocrx_word' id='word_1_250' title='bbox 1174 2600 1194 2628; x_wconf 71' lang='grc' dir='ltr'>ι.</span> <span class='ocrx_word' id='word_1_251' title='bbox 1209 2580 1326 2630; x_wconf 84' lang='lat' dir='ltr'>Fortasse</span> 
     </span>
     <span class='ocr_line' id='line_1_24' title="bbox 260 2667 816 2730; baseline 0.004 -17"><span class='ocrx_word' id='word_1_252' title='bbox 260 2667 396 2730; x_wconf 86' lang='lat' dir='ltr'>legendum</span> <span class='ocrx_word' id='word_1_253' title='bbox 410 2682 416 2714; x_wconf 91' lang='lat'>:</span> <span class='ocrx_word' id='word_1_254' title='bbox 431 2685 443 2709; x_wconf 75' lang='lat' dir='ltr'>r</span> <span class='ocrx_word' id='word_1_255' title='bbox 457 2680 532 2730; x_wconf 93' lang='lat' dir='ltr'>quam</span> <span class='ocrx_word' id='word_1_256' title='bbox 545 2667 684 2717; x_wconf 87' lang='lat' dir='ltr'>observare</span> <span class='ocrx_word' id='word_1_257' title='bbox 697 2667 788 2716; x_wconf 88' lang='lat' dir='ltr'>solent.</span> <span class='ocrx_word' id='word_1_258' title='bbox 805 2687 816 2708; x_wconf 76' lang='lat' dir='ltr'>n</span> 
     </span>
    </p>

    <p class='ocr_par' dir='ltr' id='par_1_5' title="bbox 256 2756 1327 3795">
     <span class='ocr_line' id='line_1_25' title="bbox 291 2756 1327 2819; baseline 0.003 -15"><span class='ocrx_word' id='word_1_259' title='bbox 291 2756 353 2812; x_wconf 83' lang='lat' dir='ltr'>xiv,</span> <span class='ocrx_word' id='word_1_260' title='bbox 371 2756 384 2819; x_wconf 71' lang='lat'>5</span> <span class='ocrx_word' id='word_1_261' title='bbox 400 2756 440 2805; x_wconf 84' lang='grc'><strong>43.</strong></span> <span class='ocrx_word' id='word_1_262' title='bbox 457 2756 504 2804; x_wconf 83' lang='lat' dir='ltr'>Vix</span> <span class='ocrx_word' id='word_1_263' title='bbox 517 2756 636 2817; x_wconf 89' lang='lat' dir='ltr'>suppleas</span> <span class='ocrx_word' id='word_1_264' title='bbox 649 2769 742 2805; x_wconf 86' lang='lat' dir='ltr'>nomen</span> <span class='ocrx_word' id='word_1_265' title='bbox 754 2757 785 2805; x_wconf 93' lang='lat' dir='ltr'>ad</span> <span class='ocrx_word' id='word_1_266' title='bbox 798 2756 866 2819; x_wconf 93' lang='lat' dir='ltr'>quod</span> <span class='ocrx_word' id='word_1_267' title='bbox 879 2756 990 2805; x_wconf 78' lang='lat' dir='ltr'>refertur</span> <span class='ocrx_word' id='word_1_268' title='bbox 1002 2770 1058 2807; x_wconf 87' lang='lat' dir='ltr'>roc.</span> <span class='ocrx_word' id='word_1_269' title='bbox 1071 2758 1235 2810; x_wconf 74' lang='lat' dir='ltr'>trorum‘ante</span> <span class='ocrx_word' id='word_1_270' title='bbox 1249 2758 1327 2807; x_wconf 82' lang='lat' dir='ltr'>lomi-</span> 
     </span>
     <span class='ocr_line' id='line_1_26' title="bbox 261 2843 1326 2911; baseline 0.006 -20"><span class='ocrx_word' id='word_1_271' title='bbox 261 2845 348 2901; x_wconf 82' lang='lat' dir='ltr'>nrbos;</span> <span class='ocrx_word' id='word_1_272' title='bbox 361 2843 499 2893; x_wconf 89' lang='lat' dir='ltr'>Lambinus</span> <span class='ocrx_word' id='word_1_273' title='bbox 510 2844 614 2906; x_wconf 85' lang='lat' dir='ltr'>legebat</span> <span class='ocrx_word' id='word_1_274' title='bbox 626 2844 724 2901; x_wconf 80' lang='lat' dir='ltr'>borum,</span> <span class='ocrx_word' id='word_1_275' title='bbox 738 2844 852 2893; x_wconf 83' lang='lat' dir='ltr'>Halmius</span> <span class='ocrx_word' id='word_1_276' title='bbox 860 2845 920 2894; x_wconf 88' lang='lat' dir='ltr'>velit</span> <span class='ocrx_word' id='word_1_277' title='bbox 932 2847 1058 2894; x_wconf 79' lang='lat' dir='ltr'>rhetorum</span> <span class='ocrx_word' id='word_1_278' title='bbox 1070 2847 1110 2896; x_wconf 89' lang='lat' dir='ltr'>vel</span> <span class='ocrx_word' id='word_1_279' title='bbox 1123 2851 1250 2896; x_wconf 86' lang='lat' dir='ltr'>oratorum</span> <span class='ocrx_word' id='word_1_280' title='bbox 1256 2867 1264 2902; x_wconf 92' lang='grc'>,·</span> <span class='ocrx_word' id='word_1_281' title='bbox 1277 2860 1326 2911; x_wconf 80' lang='lat' dir='ltr'>ego</span> 
     </span>
     <span class='ocr_line' id='line_1_27' title="bbox 260 2933 1325 2997; baseline 0 -14"><span class='ocrx_word' id='word_1_282' title='bbox 260 2936 376 2997; x_wconf 91' lang='lat' dir='ltr'>suspicor</span> <span class='ocrx_word' id='word_1_283' title='bbox 392 2935 529 2996; x_wconf 82' lang='lat' dir='ltr'>legendum</span> <span class='ocrx_word' id='word_1_284' title='bbox 546 2946 625 2983; x_wconf 89' lang='lat' dir='ltr'>esse:</span> <span class='ocrx_word' id='word_1_285' title='bbox 647 2934 767 2982; x_wconf 77' lang='lat' dir='ltr'>«dicendi</span> <span class='ocrx_word' id='word_1_286' title='bbox 785 2933 956 2994; x_wconf 87' lang='lat' dir='ltr'>luminibus»,</span> <span class='ocrx_word' id='word_1_287' title='bbox 977 2935 1044 2996; x_wconf 92' lang='lat' dir='ltr'>quod</span> <span class='ocrx_word' id='word_1_288' title='bbox 1065 2934 1170 2983; x_wconf 88' lang='lat' dir='ltr'>uerbum</span> <span class='ocrx_word' id='word_1_289' title='bbox 1188 2934 1282 2984; x_wconf 89' lang='lat' dir='ltr'>latebat</span> <span class='ocrx_word' id='word_1_290' title='bbox 1300 2935 1325 2983; x_wconf 91' lang='lat' dir='ltr'>in</span> 
     </span>
     <span class='ocr_line' id='line_1_28' title="bbox 260 3020 1325 3085; baseline -0.001 -14"><span class='ocrx_word' id='word_1_291' title='bbox 260 3024 328 3073; x_wconf 89' lang='lat' dir='ltr'>vocis</span> <span class='ocrx_word' id='word_1_292' title='bbox 340 3023 501 3085; x_wconf 87' lang='lat' dir='ltr'>compendio.</span> <span class='ocrx_word' id='word_1_293' title='bbox 515 3050 544 3057; x_wconf 89' lang='lat'>-</span> <span class='ocrx_word' id='word_1_294' title='bbox 556 3022 659 3071; x_wconf 88' lang='lat' dir='ltr'>Poterat</span> <span class='ocrx_word' id='word_1_295' title='bbox 670 3020 783 3070; x_wconf 81' lang='lat' dir='ltr'>Halmius</span> <span class='ocrx_word' id='word_1_296' title='bbox 794 3021 890 3070; x_wconf 88' lang='lat' dir='ltr'>edere:</span> <span class='ocrx_word' id='word_1_297' title='bbox 905 3020 1052 3071; x_wconf 81' lang='lat' dir='ltr'>«latendum</span> <span class='ocrx_word' id='word_1_298' title='bbox 1066 3026 1102 3069; x_wconf 81' lang='lat' dir='ltr'>ert</span> <span class='ocrx_word' id='word_1_299' title='bbox 1110 3041 1132 3077; x_wconf 79' lang='lat' dir='ltr'>n,</span> <span class='ocrx_word' id='word_1_300' title='bbox 1144 3035 1201 3070; x_wconf 93' lang='lat' dir='ltr'>uam</span> <span class='ocrx_word' id='word_1_301' title='bbox 1209 3022 1325 3072; x_wconf 89' lang='lat' dir='ltr'>codicum</span> 
     </span>
     <span class='ocr_line' id='line_1_29' title="bbox 257 3108 1326 3173; baseline -0.003 -12"><span class='ocrx_word' id='word_1_302' title='bbox 257 3112 396 3162; x_wconf 88' lang='lat' dir='ltr'>auctoritas</span> <span class='ocrx_word' id='word_1_303' title='bbox 407 3124 494 3173; x_wconf 89' lang='lat' dir='ltr'>parum</span> <span class='ocrx_word' id='word_1_304' title='bbox 508 3110 575 3160; x_wconf 91' lang='lat' dir='ltr'>valet</span> <span class='ocrx_word' id='word_1_305' title='bbox 587 3110 611 3158; x_wconf 93' lang='lat' dir='ltr'>in</span> <span class='ocrx_word' id='word_1_306' title='bbox 624 3108 772 3159; x_wconf 91' lang='lat' dir='ltr'>discrimine</span> <span class='ocrx_word' id='word_1_307' title='bbox 784 3108 922 3159; x_wconf 82' lang='lat' dir='ltr'>formarum</span> <span class='ocrx_word' id='word_1_308' title='bbox 935 3112 971 3157; x_wconf 83' lang='lat' dir='ltr'>est</span> <span class='ocrx_word' id='word_1_309' title='bbox 983 3116 1008 3159; x_wconf 90' lang='lat' dir='ltr'>ct</span> <span class='ocrx_word' id='word_1_310' title='bbox 1019 3110 1058 3158; x_wconf 79' lang='lat' dir='ltr'>eit.</span> <span class='ocrx_word' id='word_1_311' title='bbox 1068 3138 1099 3145; x_wconf 96' lang='lat'>-</span> <span class='ocrx_word' id='word_1_312' title='bbox 1107 3110 1222 3159; x_wconf 85' lang='lat' dir='ltr'>Davisius</span> <span class='ocrx_word' id='word_1_313' title='bbox 1233 3111 1326 3173; x_wconf 87' lang='lat' dir='ltr'>aliique</span> 
     </span>
     <span class='ocr_line' id='line_1_30' title="bbox 258 3197 1325 3262; baseline -0.005 -12"><span class='ocrx_word' id='word_1_314' title='bbox 258 3201 405 3262; x_wconf 80' lang='lat' dir='ltr'>particulam</span> <span class='ocrx_word' id='word_1_315' title='bbox 416 3200 455 3249; x_wconf 84' lang='lat' dir='ltr'>vel</span> <span class='ocrx_word' id='word_1_316' title='bbox 469 3199 604 3249; x_wconf 87' lang='lat' dir='ltr'>delendam</span> <span class='ocrx_word' id='word_1_317' title='bbox 620 3211 679 3248; x_wconf 90' lang='lat' dir='ltr'>esse</span> <span class='ocrx_word' id='word_1_318' title='bbox 693 3198 811 3247; x_wconf 89' lang='lat' dir='ltr'>viderunt</span> <span class='ocrx_word' id='word_1_319' title='bbox 822 3204 881 3247; x_wconf 91' lang='lat' dir='ltr'>ante</span> <span class='ocrx_word' id='word_1_320' title='bbox 894 3211 926 3245; x_wconf 89' lang='lat' dir='ltr'>vv</span> <span class='ocrx_word' id='word_1_321' title='bbox 940 3213 946 3244; x_wconf 87' lang='lat'>:</span> <span class='ocrx_word' id='word_1_322' title='bbox 962 3197 1024 3246; x_wconf 79' lang='grc'><strong>«4113</strong></span> <span class='ocrx_word' id='word_1_323' title='bbox 1033 3210 1091 3247; x_wconf 87' lang='lat' dir='ltr'>vera</span> <span class='ocrx_word' id='word_1_324' title='bbox 1105 3197 1220 3247; x_wconf 88' lang='lat' dir='ltr'>delinitio</span> <span class='ocrx_word' id='word_1_325' title='bbox 1234 3211 1260 3256; x_wconf 78' lang='grc'>1;</span> <span class='ocrx_word' id='word_1_326' title='bbox 1270 3197 1325 3246; x_wconf 88' lang='lat' dir='ltr'>llat-</span> 
     </span>
     <span class='ocr_line' id='line_1_31' title="bbox 258 3286 1324 3352; baseline -0.004 -13"><span class='ocrx_word' id='word_1_327' title='bbox 258 3291 324 3340; x_wconf 91' lang='lat' dir='ltr'>mius</span> <span class='ocrx_word' id='word_1_328' title='bbox 340 3290 408 3339; x_wconf 93' lang='lat' dir='ltr'>illam</span> <span class='ocrx_word' id='word_1_329' title='bbox 421 3296 485 3352; x_wconf 87' lang='lat' dir='ltr'>part.</span> <span class='ocrx_word' id='word_1_330' title='bbox 499 3303 556 3339; x_wconf 93' lang='lat' dir='ltr'>cum</span> <span class='ocrx_word' id='word_1_331' title='bbox 568 3288 620 3350; x_wconf 81' lang='lat' dir='ltr'>adJ’.</span> <span class='ocrx_word' id='word_1_332' title='bbox 632 3302 691 3337; x_wconf 84' lang='lat' dir='ltr'>ocra</span> <span class='ocrx_word' id='word_1_333' title='bbox 701 3287 785 3351; x_wconf 84' lang='lat' dir='ltr'>jungit</span> <span class='ocrx_word' id='word_1_334' title='bbox 798 3296 824 3337; x_wconf 89' lang='lat' dir='ltr'>et</span> <span class='ocrx_word' id='word_1_335' title='bbox 836 3295 972 3351; x_wconf 92' lang='lat' dir='ltr'>utrumque</span> <span class='ocrx_word' id='word_1_336' title='bbox 985 3302 1040 3337; x_wconf 91' lang='lat' dir='ltr'>voc.</span> <span class='ocrx_word' id='word_1_337' title='bbox 1054 3286 1157 3336; x_wconf 90' lang='lat' dir='ltr'>librario</span> <span class='ocrx_word' id='word_1_338' title='bbox 1170 3286 1267 3347; x_wconf 88' lang='lat' dir='ltr'>tribuit,</span> <span class='ocrx_word' id='word_1_339' title='bbox 1281 3286 1324 3349; x_wconf 91' lang='lat' dir='ltr'>qui</span> 
     </span>
     <span class='ocr_line' id='line_1_32' title="bbox 259 3376 1324 3440; baseline -0.001 -14"><span class='ocrx_word' id='word_1_340' title='bbox 259 3392 397 3440; x_wconf 91' lang='lat' dir='ltr'>pronomen</span> <span class='ocrx_word' id='word_1_341' title='bbox 409 3378 454 3426; x_wconf 86' lang='lat' dir='ltr'>illo</span> <span class='ocrx_word' id='word_1_342' title='bbox 473 3377 601 3439; x_wconf 82' lang='lat' dir='ltr'>explicare</span> <span class='ocrx_word' id='word_1_343' title='bbox 618 3377 731 3438; x_wconf 84' lang='lat' dir='ltr'>volebat,</span> <span class='ocrx_word' id='word_1_344' title='bbox 745 3378 791 3426; x_wconf 93' lang='lat' dir='ltr'>sed</span> <span class='ocrx_word' id='word_1_345' title='bbox 807 3377 847 3425; x_wconf 81' lang='lat' dir='ltr'>orl</span> <span class='ocrx_word' id='word_1_346' title='bbox 862 3384 958 3426; x_wconf 91' lang='lat' dir='ltr'>tautum</span> <span class='ocrx_word' id='word_1_347' title='bbox 971 3376 1087 3433; x_wconf 87' lang='lat' dir='ltr'>inclusit;</span> <span class='ocrx_word' id='word_1_348' title='bbox 1105 3377 1223 3439; x_wconf 88' lang='lat' dir='ltr'>equidem</span> <span class='ocrx_word' id='word_1_349' title='bbox 1238 3376 1262 3426; x_wconf 93' lang='lat' dir='ltr'>id</span> <span class='ocrx_word' id='word_1_350' title='bbox 1278 3376 1324 3425; x_wconf 90' lang='lat' dir='ltr'>de-</span> 
     </span>
     <span class='ocr_line' id='line_1_33' title="bbox 258 3464 1323 3529; baseline -0.003 -14"><span class='ocrx_word' id='word_1_351' title='bbox 258 3467 333 3517; x_wconf 84' lang='lat' dir='ltr'>leam.</span> <span class='ocrx_word' id='word_1_352' title='bbox 345 3497 376 3504; x_wconf 90' lang='lat'><em>-</em></span> <span class='ocrx_word' id='word_1_353' title='bbox 387 3466 447 3515; x_wconf 86' lang='lat' dir='ltr'>Voc.</span> <span class='ocrx_word' id='word_1_354' title='bbox 460 3465 572 3529; x_wconf 84' lang='lat' dir='ltr'>portibus</span> <span class='ocrx_word' id='word_1_355' title='bbox 584 3465 698 3527; x_wconf 91' lang='lat' dir='ltr'>spurium</span> <span class='ocrx_word' id='word_1_356' title='bbox 709 3466 823 3524; x_wconf 65' lang='lat' dir='ltr'>videtum</span> <span class='ocrx_word' id='word_1_357' title='bbox 836 3465 879 3514; x_wconf 90' lang='lat' dir='ltr'>alii</span> <span class='ocrx_word' id='word_1_358' title='bbox 890 3466 914 3515; x_wconf 92' lang='lat' dir='ltr'>id</span> <span class='ocrx_word' id='word_1_359' title='bbox 928 3464 1068 3521; x_wconf 87' lang='lat' dir='ltr'>includunt,</span> <span class='ocrx_word' id='word_1_360' title='bbox 1078 3466 1236 3514; x_wconf 88' lang='lat' dir='ltr'>liermaumrs</span> <span class='ocrx_word' id='word_1_361' title='bbox 1248 3465 1323 3528; x_wconf 82' lang='lat' dir='ltr'>legit:</span> 
     </span>
     <span class='ocr_line' id='line_1_34' title="bbox 257 3553 1323 3618; baseline 0.003 -18"><span class='ocrx_word' id='word_1_362' title='bbox 257 3575 269 3600; x_wconf 70' lang='lat' dir='ltr'>a</span> <span class='ocrx_word' id='word_1_363' title='bbox 284 3557 380 3617; x_wconf 89' lang='lat' dir='ltr'>pariter</span> <span class='ocrx_word' id='word_1_364' title='bbox 392 3554 469 3604; x_wconf 87' lang='lat' dir='ltr'>rebus</span> <span class='ocrx_word' id='word_1_365' title='bbox 483 3569 511 3613; x_wconf 72' lang='grc' dir='ltr'>»ς</span> <span class='ocrx_word' id='word_1_366' title='bbox 524 3567 609 3604; x_wconf 90' lang='lat' dir='ltr'>nonne</span> <span class='ocrx_word' id='word_1_367' title='bbox 620 3554 671 3617; x_wconf 80' lang='lat' dir='ltr'>legi</span> <span class='ocrx_word' id='word_1_368' title='bbox 684 3554 763 3616; x_wconf 92' lang='lat' dir='ltr'>possit</span> <span class='ocrx_word' id='word_1_369' title='bbox 778 3568 784 3602; x_wconf 78' lang='grc' dir='ltr'><em>τ</em></span> <span class='ocrx_word' id='word_1_370' title='bbox 799 3574 810 3597; x_wconf 80' lang='grc' dir='ltr'>ι</span> <span class='ocrx_word' id='word_1_371' title='bbox 823 3554 849 3602; x_wconf 92' lang='lat' dir='ltr'>in</span> <span class='ocrx_word' id='word_1_372' title='bbox 861 3553 980 3603; x_wconf 91' lang='lat' dir='ltr'>omnibus</span> <span class='ocrx_word' id='word_1_373' title='bbox 990 3554 1091 3617; x_wconf 75' lang='lat' dir='ltr'>poribus</span> <span class='ocrx_word' id='word_1_374' title='bbox 1105 3575 1114 3595; x_wconf 72' lang='grc' dir='ltr'><strong>ι</strong></span> <span class='ocrx_word' id='word_1_375' title='bbox 1126 3555 1177 3601; x_wconf 74' lang='grc'>1-</span> <span class='ocrx_word' id='word_1_376' title='bbox 1193 3555 1207 3618; x_wconf 67' lang='grc'>5</span> <span class='ocrx_word' id='word_1_377' title='bbox 1219 3555 1258 3602; x_wconf 91' lang='grc'>44.</span> <span class='ocrx_word' id='word_1_378' title='bbox 1272 3555 1323 3603; x_wconf 89' lang='lat' dir='ltr'>Co-</span> 
     </span>
     <span class='ocr_line' id='line_1_35' title="bbox 257 3642 1323 3705; baseline -0.006 -10"><span class='ocrx_word' id='word_1_379' title='bbox 257 3645 327 3695; x_wconf 90' lang='lat' dir='ltr'>dices</span> <span class='ocrx_word' id='word_1_380' title='bbox 342 3642 453 3693; x_wconf 88' lang='lat' dir='ltr'>babeut:</span> <span class='ocrx_word' id='word_1_381' title='bbox 472 3665 481 3686; x_wconf 81' lang='lat'>«</span> <span class='ocrx_word' id='word_1_382' title='bbox 503 3643 632 3705; x_wconf 89' lang='lat' dir='ltr'>perceptis</span> <span class='ocrx_word' id='word_1_383' title='bbox 644 3644 695 3692; x_wconf 76' lang='lat' dir='ltr'>oisc</span> <span class='ocrx_word' id='word_1_384' title='bbox 712 3664 721 3682; x_wconf 82' lang='grc'><strong>»</strong></span> <span class='ocrx_word' id='word_1_385' title='bbox 741 3656 787 3704; x_wconf 88' lang='lat' dir='ltr'>pro</span> <span class='ocrx_word' id='word_1_386' title='bbox 799 3655 850 3705; x_wconf 91' lang='lat' dir='ltr'>quo</span> <span class='ocrx_word' id='word_1_387' title='bbox 862 3642 989 3691; x_wconf 89' lang='lat' dir='ltr'>Manutius</span> <span class='ocrx_word' id='word_1_388' title='bbox 1001 3642 1102 3705; x_wconf 81' lang='lat' dir='ltr'>legebat</span> <span class='ocrx_word' id='word_1_389' title='bbox 1115 3643 1178 3698; x_wconf 80' lang='lat' dir='ltr'>niso,</span> <span class='ocrx_word' id='word_1_390' title='bbox 1192 3654 1268 3704; x_wconf 91' lang='lat' dir='ltr'>quem</span> <span class='ocrx_word' id='word_1_391' title='bbox 1281 3655 1323 3690; x_wconf 91' lang='lat' dir='ltr'>sc-</span> 
     </span>
     <span class='ocr_line' id='line_1_36' title="bbox 256 3730 769 3795; baseline -0.01 -13"><span class='ocrx_word' id='word_1_392' title='bbox 256 3733 328 3795; x_wconf 92' lang='lat' dir='ltr'>quuti</span> <span class='ocrx_word' id='word_1_393' title='bbox 340 3739 401 3781; x_wconf 92' lang='lat' dir='ltr'>sunt</span> <span class='ocrx_word' id='word_1_394' title='bbox 412 3732 541 3790; x_wconf 82' lang='lat' dir='ltr'>editores;</span> <span class='ocrx_word' id='word_1_395' title='bbox 556 3732 605 3792; x_wconf 62' lang='lat' dir='ltr'>eqo</span> <span class='ocrx_word' id='word_1_396' title='bbox 617 3730 703 3779; x_wconf 92' lang='lat' dir='ltr'>malim</span> <span class='ocrx_word' id='word_1_397' title='bbox 715 3744 769 3778; x_wconf 83' lang='lat' dir='ltr'>osa.</span> 
     </span>
    </p>

    <p class='ocr_par' dir='ltr' id='par_1_6' title="bbox 252 3816 1323 4327">
     <span class='ocr_line' id='line_1_37' title="bbox 287 3816 1322 3882; baseline -0.003 -14"><span class='ocrx_word' id='word_1_398' title='bbox 287 3820 338 3881; x_wconf 88' lang='lat' dir='ltr'>xv,</span> <span class='ocrx_word' id='word_1_399' title='bbox 356 3821 368 3881; x_wconf 59' lang='grc' dir='ltr'>ᾖ</span> <span class='ocrx_word' id='word_1_400' title='bbox 384 3820 423 3869; x_wconf 76' lang='lat' dir='ltr'>tt.</span> <span class='ocrx_word' id='word_1_401' title='bbox 441 3819 487 3867; x_wconf 85' lang='lat' dir='ltr'>Vix</span> <span class='ocrx_word' id='word_1_402' title='bbox 506 3818 655 3868; x_wconf 82' lang='lat' dir='ltr'>Ciceronem</span> <span class='ocrx_word' id='word_1_403' title='bbox 669 3818 803 3879; x_wconf 86' lang='lat' dir='ltr'>scripsisse</span> <span class='ocrx_word' id='word_1_404' title='bbox 823 3818 933 3867; x_wconf 89' lang='lat' dir='ltr'>credas:</span> <span class='ocrx_word' id='word_1_405' title='bbox 957 3840 966 3861; x_wconf 70' lang='grc' dir='ltr'>ι</span> <span class='ocrx_word' id='word_1_406' title='bbox 986 3818 1105 3882; x_wconf 77' lang='lat' dir='ltr'>quioniam</span> <span class='ocrx_word' id='word_1_407' title='bbox 1124 3817 1172 3878; x_wconf 89' lang='lat' dir='ltr'>ipsi</span> <span class='ocrx_word' id='word_1_408' title='bbox 1191 3817 1268 3865; x_wconf 89' lang='lat' dir='ltr'>etiam</span> <span class='ocrx_word' id='word_1_409' title='bbox 1286 3816 1322 3865; x_wconf 88' lang='lat' dir='ltr'>illi</span> 
     </span>
     <span class='ocr_line' id='line_1_38' title="bbox 256 3904 1323 3968; baseline -0.003 -12"><span class='ocrx_word' id='word_1_410' title='bbox 256 3908 348 3968; x_wconf 88' lang='lat' dir='ltr'>solent,</span> <span class='ocrx_word' id='word_1_411' title='bbox 362 3916 412 3957; x_wconf 91' lang='lat' dir='ltr'>etc.</span> <span class='ocrx_word' id='word_1_412' title='bbox 428 3928 437 3949; x_wconf 72' lang='grc' dir='ltr'><strong><em>ι</em></strong></span> <span class='ocrx_word' id='word_1_413' title='bbox 452 3907 568 3957; x_wconf 83' lang='lat' dir='ltr'>Davisius</span> <span class='ocrx_word' id='word_1_414' title='bbox 579 3920 637 3955; x_wconf 88' lang='lat' dir='ltr'>cum</span> <span class='ocrx_word' id='word_1_415' title='bbox 649 3907 707 3955; x_wconf 91' lang='lat' dir='ltr'>cod.</span> <span class='ocrx_word' id='word_1_416' title='bbox 721 3906 777 3955; x_wconf 88' lang='lat' dir='ltr'>Par.</span> <span class='ocrx_word' id='word_1_417' title='bbox 791 3905 926 3956; x_wconf 89' lang='lat' dir='ltr'>omittebat</span> <span class='ocrx_word' id='word_1_418' title='bbox 937 3905 989 3961; x_wconf 74' lang='lat' dir='ltr'>illl:</span> <span class='ocrx_word' id='word_1_419' title='bbox 1007 3906 1120 3954; x_wconf 85' lang='lat' dir='ltr'>Halmius</span> <span class='ocrx_word' id='word_1_420' title='bbox 1131 3904 1221 3953; x_wconf 88' lang='lat' dir='ltr'>malit:</span> <span class='ocrx_word' id='word_1_421' title='bbox 1243 3924 1254 3946; x_wconf 76' lang='lat' dir='ltr'>l</span> <span class='ocrx_word' id='word_1_422' title='bbox 1268 3918 1323 3968; x_wconf 77' lang='lat' dir='ltr'>quo</span> 
     </span>
     <span class='ocr_line' id='line_1_39' title="bbox 255 3992 1323 4055; baseline -0.003 -10"><span class='ocrx_word' id='word_1_423' title='bbox 255 3996 333 4045; x_wconf 87' lang='lat' dir='ltr'>etiam</span> <span class='ocrx_word' id='word_1_424' title='bbox 345 3996 381 4044; x_wconf 86' lang='lat' dir='ltr'>illi</span> <span class='ocrx_word' id='word_1_425' title='bbox 393 3995 486 4046; x_wconf 88' lang='lat' dir='ltr'>solent.</span> <span class='ocrx_word' id='word_1_426' title='bbox 497 4014 510 4038; x_wconf 75' lang='lat' dir='ltr'>n</span> <span class='ocrx_word' id='word_1_427' title='bbox 522 4023 552 4030; x_wconf 94' lang='lat'><em>-</em></span> <span class='ocrx_word' id='word_1_428' title='bbox 565 3994 720 4043; x_wconf 75' lang='lat' dir='ltr'>adverbium</span> <span class='ocrx_word' id='word_1_429' title='bbox 731 3994 839 4042; x_wconf 81' lang='lat' dir='ltr'>inaniter</span> <span class='ocrx_word' id='word_1_430' title='bbox 851 3994 962 4044; x_wconf 81' lang='lat' dir='ltr'>Walter.</span> <span class='ocrx_word' id='word_1_431' title='bbox 975 3993 1091 4053; x_wconf 90' lang='lat' dir='ltr'>delebat;</span> <span class='ocrx_word' id='word_1_432' title='bbox 1105 3994 1220 4042; x_wconf 88' lang='lat' dir='ltr'>Davisius</span> <span class='ocrx_word' id='word_1_433' title='bbox 1235 3992 1323 4055; x_wconf 81' lang='lat' dir='ltr'>legere</span> 
     </span>
     <span class='ocr_line' id='line_1_40' title="bbox 256 4081 1321 4148; baseline -0.002 -18"><span class='ocrx_word' id='word_1_434' title='bbox 256 4084 356 4134; x_wconf 90' lang='lat' dir='ltr'>volebat</span> <span class='ocrx_word' id='word_1_435' title='bbox 374 4082 533 4148; x_wconf 54' lang='lat' dir='ltr'>frequentem·</span> <span class='ocrx_word' id='word_1_436' title='bbox 551 4084 576 4132; x_wconf 91' lang='lat' dir='ltr'>in</span> <span class='ocrx_word' id='word_1_437' title='bbox 590 4096 621 4132; x_wconf 92' lang='lat' dir='ltr'>eo</span> <span class='ocrx_word' id='word_1_438' title='bbox 638 4088 758 4145; x_wconf 88' lang='lat' dir='ltr'>suspecto</span> <span class='ocrx_word' id='word_1_439' title='bbox 777 4096 833 4132; x_wconf 89' lang='lat' dir='ltr'>voc.</span> <span class='ocrx_word' id='word_1_440' title='bbox 847 4081 909 4130; x_wconf 88' lang='lat' dir='ltr'>mibi</span> <span class='ocrx_word' id='word_1_441' title='bbox 925 4083 1006 4131; x_wconf 88' lang='lat' dir='ltr'>latere</span> <span class='ocrx_word' id='word_1_442' title='bbox 1024 4082 1143 4130; x_wconf 89' lang='lat' dir='ltr'>videntur</span> <span class='ocrx_word' id='word_1_443' title='bbox 1159 4094 1231 4132; x_wconf 89' lang='lat' dir='ltr'>vocc.</span> <span class='ocrx_word' id='word_1_444' title='bbox 1245 4099 1257 4124; x_wconf 81' lang='lat'>«</span> <span class='ocrx_word' id='word_1_445' title='bbox 1271 4092 1321 4129; x_wconf 92' lang='lat' dir='ltr'>non</span> 
     </span>
     <span class='ocr_line' id='line_1_41' title="bbox 252 4170 1320 4234; baseline -0.003 -14"><span class='ocrx_word' id='word_1_446' title='bbox 252 4172 327 4222; x_wconf 87' lang='lat' dir='ltr'>aliter</span> <span class='ocrx_word' id='word_1_447' title='bbox 339 4191 362 4232; x_wconf 88' lang='lat'>»‚</span> <span class='ocrx_word' id='word_1_448' title='bbox 375 4172 443 4222; x_wconf 90' lang='lat' dir='ltr'>unde</span> <span class='ocrx_word' id='word_1_449' title='bbox 455 4178 539 4222; x_wconf 90' lang='lat' dir='ltr'>ortum</span> <span class='ocrx_word' id='word_1_450' title='bbox 551 4178 591 4221; x_wconf 88' lang='lat' dir='ltr'>est</span> <span class='ocrx_word' id='word_1_451' title='bbox 602 4170 857 4234; x_wconf 88' lang='lat' dir='ltr'>interpretamentum</span> <span class='ocrx_word' id='word_1_452' title='bbox 869 4170 954 4219; x_wconf 88' lang='lat' dir='ltr'>eodem</span> <span class='ocrx_word' id='word_1_453' title='bbox 965 4170 1045 4229; x_wconf 89' lang='lat' dir='ltr'>modo,</span> <span class='ocrx_word' id='word_1_454' title='bbox 1058 4171 1125 4233; x_wconf 92' lang='lat' dir='ltr'>quod</span> <span class='ocrx_word' id='word_1_455' title='bbox 1134 4182 1320 4232; x_wconf 89' lang='lat' dir='ltr'>supervacuum</span> 
     </span>
     <span class='ocr_line' id='line_1_42' title="bbox 255 4258 1322 4327; baseline -0.001 -18"><span class='ocrx_word' id='word_1_456' title='bbox 255 4260 297 4320; x_wconf 89' lang='grc'><strong>111;</strong></span> <span class='ocrx_word' id='word_1_457' title='bbox 315 4262 362 4312; x_wconf 87' lang='lat' dir='ltr'>sed</span> <span class='ocrx_word' id='word_1_458' title='bbox 381 4261 517 4324; x_wconf 84' lang='lat' dir='ltr'>legendum</span> <span class='ocrx_word' id='word_1_459' title='bbox 533 4283 545 4308; x_wconf 72' lang='lat' dir='ltr'>a</span> <span class='ocrx_word' id='word_1_460' title='bbox 565 4264 589 4309; x_wconf 88' lang='lat' dir='ltr'>et</span> <span class='ocrx_word' id='word_1_461' title='bbox 600 4260 633 4310; x_wconf 92' lang='lat' dir='ltr'>iis</span> <span class='ocrx_word' id='word_1_462' title='bbox 644 4272 700 4327; x_wconf 86' lang='lat' dir='ltr'>quae</span> <span class='ocrx_word' id='word_1_463' title='bbox 711 4260 763 4309; x_wconf 90' lang='lat' dir='ltr'>sim</span> <span class='ocrx_word' id='word_1_464' title='bbox 779 4279 792 4304; x_wconf 73' lang='lat' dir='ltr'>a</span> <span class='ocrx_word' id='word_1_465' title='bbox 811 4273 857 4322; x_wconf 91' lang='lat' dir='ltr'>pro</span> <span class='ocrx_word' id='word_1_466' title='bbox 874 4263 909 4308; x_wconf 85' lang='lat' dir='ltr'>ol.</span> <span class='ocrx_word' id='word_1_467' title='bbox 923 4286 954 4294; x_wconf 92' lang='lat'><em>-</em></span> <span class='ocrx_word' id='word_1_468' title='bbox 966 4260 1102 4310; x_wconf 90' lang='lat' dir='ltr'>Duraudus</span> <span class='ocrx_word' id='word_1_469' title='bbox 1117 4258 1180 4308; x_wconf 83' lang='lat' dir='ltr'>uidit</span> <span class='ocrx_word' id='word_1_470' title='bbox 1192 4265 1235 4307; x_wconf 92' lang='lat' dir='ltr'>aut</span> <span class='ocrx_word' id='word_1_471' title='bbox 1245 4258 1322 4323; x_wconf 81' lang='lat' dir='ltr'>plone</span> 
     </span>
    </p>
   </div>
   <div class='ocr_carea' id='block_1_3' title="bbox 0 0 1668 5159">
    <p class='ocr_par' dir='ltr' id='par_1_7' title="bbox 0 0 1668 5159">
     <span class='ocr_line' id='line_1_43' title="bbox 0 0 1668 5159; baseline 0 3"><span class='ocrx_word' id='word_1_472' title='bbox 0 0 1668 5159; x_wconf 95' lang='lat' dir='ltr'> </span> 
     </span>
    </p>
   </div>
  </div>
 </body>
</html>
