3325 5159
302 580 339 638 et
431 614 434 620 -
487 577 722 638 lusuunauusua
735 589 968 638 uuauuartortua
981 577 1022 650 11,
1036 588 1098 650 ι-ιι,
1113 577 1180 637 1-5.-

302 717 426 768 uninoreaa
442 716 606 781 tautologiam
616 716 807 768 animadvertas
820 716 848 767 in
859 716 907 767 bae
922 717 1067 768 sententia:
1084 734 1098 761 ε
1109 727 1264 781 nunquan
1277 726 1372 766 setam

301 807 395 859 abierit
408 828 418 852 ι
436 815 463 858 et
473 820 504 858 ea
515 820 571 872 quaa
583 821 642 859 naua
654 808 763 870 iegitur:
783 807 923 870 «quamtis
937 820 989 858 non
1005 808 1126 867 senthnt,
1140 828 1152 851 ι
1171 819 1280 871 quarunt
1290 805 1371 857 alter·

303 906 360 949 utra
370 897 505 948 maniiesto
517 897 644 948 abundat:
662 896 773 947 aecunda
785 897 812 947 in
823 897 913 956 eediee
926 898 1050 949 brunensi
1060 897 1146 957 deest,
1162 895 1282 960 illataque
1294 895 1371 946 Bent-

301 985 357 1046 lei.,
370 986 452 1045 baris,
464 985 551 1043 Wolf..
563 986 667 1037 Scbdtz.
679 986 882 1045 eircumciduut;
899 986 1007 1038 iortasse
1018 986 1068 1049 ipsi
1075 985 1193 1037 ciceroni
1203 984 1316 1037 debetur
1326 982 1371 1048 qui

304 1076 374 1138 prius
388 1076 426 1126 sie
441 1075 593 1138 scripserat,
611 1081 637 1125 et
653 1074 747 1125 deinde
765 1073 873 1125 alteram
892 1074 1019 1137 praetulit,
1033 1074 1081 1126 sed
1097 1073 1218 1126 dbrariua
1236 1072 1370 1137 scriptoris

302 1172 414 1215 urentem
427 1178 477 1216 uon
489 1164 625 1214 intellexit.
637 1165 715 1214 Taeet
727 1164 853 1216 Baiterus.

333 1254 418 1315 XLVI,
430 1254 442 1316 i
456 1254 509 1304 liii.
526 1254 621 1305 Deesse
632 1254 695 1304 mibi
707 1254 808 1304 uidetur
819 1253 948 1318 oppositio
959 1254 986 1303 in
998 1253 1123 1317 principie
1134 1252 1211 1315 liuius
1221 1251 1369 1304 oenoendae:

304 1361 317 1386 α
331 1343 423 1394 veruna
436 1342 605 1394 multitudinis
615 1343 747 1402 iudicium,
767 1350 817 1393 ete.
832 1363 843 1387 ι
866 1343 952 1407 tuque
964 1343 1047 1406 legana
1061 1358 1068 1392 ι
1087 1343 1146 1394 «Aa
1158 1354 1265 1401 versut,
1279 1348 1335 1393 ete.
1349 1361 1369 1396 ³,

301 1444 358 1495 quar
369 1431 492 1495 particula
502 1433 597 1483 omissa
609 1432 669 1491 luit,
687 1433 746 1496 quia
757 1446 844 1482 uerum
855 1432 969 1484 habitum
980 1431 1029 1483 luit
1039 1432 1209 1495 oppositionis
1218 1431 1332 1495 algmana.

330 1520 437 1583 xlviii,
456 1521 535 1583 illd.
558 1521 677 1571 Fornsse
695 1521 746 1580 bio,
763 1528 791 1571 ut
808 1521 880 1583 alibi,
897 1521 1056 1573 adurerent
1074 1520 1136 1571 latet
1153 1520 1180 1570 in
1199 1534 1263 1571 uoee
1281 1520 1367 1580 rebat,

299 1621 356 1673 qnae
368 1610 460 1660 merito
471 1608 593 1661 Lambiuo
605 1617 744 1673 nostroque
755 1610 851 1661 editori
868 1616 986 1672 suspecta
998 1607 1055 1659 iuit.
1067 1636 1098 1645 -
1117 1608 1218 1660 Planina
1234 1616 1262 1658 et
1276 1607 1370 1671 laedor

300 1698 381 1749 oratio
394 1699 525 1761 procedet,
539 1698 565 1748 ni
576 1698 661 1761 iallor,
673 1698 695 1748 si
706 1698 786 1749 addas
797 1698 827 1760 ri,
845 1698 913 1748 iuter
924 1699 964 1748 oui
975 1705 1003 1747 et
1013 1699 1131 1753 telonea,
1143 1703 1196 1748 etc.

655 2265 769 2331 iussu
792 2265 1010 2368 sucuuuus

330 2600 350 2663 l,
364 2601 375 2663 5
389 2602 411 2651 i.
428 2601 551 2665 Displicet
562 2601 686 2664 particula
705 2602 823 2667 quidem,
841 2609 899 2665 post
910 2602 988 2660 aab,
1004 2614 1083 2665 quum
1094 2614 1171 2665 supra
1184 2600 1272 2665 iepasa
1290 2619 1304 2647 a
1312 2601 1367 2666 ego

296 2695 398 2752 autem,
419 2690 488 2754 qnod
501 2690 554 2754 jana
570 2690 710 2752 respondet
728 2689 808 2752 priori
823 2690 940 2754 puidam,
965 2697 1023 2753 post
1041 2689 1231 2755 Neoptolemus,
1248 2690 1367 2754 suspicor

295 2778 445 2829 ciceronem
456 2778 607 2842 scripsisse:
628 2798 638 2821 «
652 2790 760 2828 neeesse
771 2777 834 2828 mibi
846 2792 943 2844 quoque
961 2792 1020 2829 esse
1031 2779 1144 2830 arbitror
1155 2778 1340 2843 philosophari.
1355 2798 1366 2821 ι

295 2893 327 2903 -
338 2865 464 2917 omittunl
474 2866 580 2918 codices
591 2866 627 2924 io,
640 2873 699 2917 ante
712 2878 768 2918 voe.
779 2866 944 2933 philosoplis.
958 2868 1074 2919 Bentleio
1085 2878 1205 2933 suspecta
1216 2875 1276 2919 sunt
1289 2867 1367 2927 uerba

297 2956 344 3005 «in
356 2956 517 3019 philosophia
528 2977 538 2999 ι
549 2992 556 3014 ,
569 2963 595 3007 et
605 2954 681 3006 facile
692 2956 785 3007 abesse
798 2963 914 3020 possunt.
922 2984 953 2994 -
964 2956 978 3022 5
990 2958 1014 3007 3.
1029 2957 1135 3009 lacunae
1161 2957 1264 3022 siguum
1276 2968 1368 3019 ponam

296 3044 321 3095 in
333 3046 460 3096 sententia
473 3061 480 3095 t
500 3066 510 3089 ι
524 3044 627 3096 Etenim
638 3046 661 3096 si
672 3046 803 3096 orationes
816 3081 908 3096 .....
922 3046 1069 3097 volebamus
1083 3067 1093 3091 ι
1106 3059 1152 3097 seu
1164 3045 1256 3097 addam
1268 3057 1368 3109 praepo·

296 3135 416 3186 sitionem
432 3140 521 3186 contrat
534 3143 594 3186 ante
606 3136 745 3198 orationes,
764 3135 822 3185 scil.
834 3134 958 3195 dicebant,
975 3142 1104 3200 sumptum
1116 3149 1148 3187 ea
1160 3134 1288 3199 superiori
1306 3147 1368 3186 sen-

298 3220 387 3270 tentia.
403 3220 449 3270 Via
461 3219 531 3270 enim
543 3219 678 3271 ierenduan
695 3226 747 3270 taun
757 3220 850 3271 durum
865 3217 1039 3291 ἀνακόλουθον;
1063 3233 1111 3271 nee
1126 3219 1201 3271 iaulle
1219 3219 1369 3283 intelligen-

296 3306 358 3355 dum
376 3305 445 3370 quod
464 3304 567 3368 supplet
584 3304 613 3354 F.
627 3308 658 3355 Α.
670 3304 793 3356 Woldus:
811 3324 825 3351 ι
838 3312 919 3357 nactae
936 3314 996 3357 sunt
1013 3308 1174 3359 adversarios
1189 3322 1214 3369 ις
1236 3308 1278 3359 vel
1297 3308 1367 3372 quod

295 3393 391 3445 addere
411 3392 514 3444 volebat
537 3393 683 3444 Buberlus:
709 3394 783 3445 «etsi
801 3395 957 3460 apierlsque
975 3395 1154 3458 probarentur,
1167 3395 1366 3460 reperiebantur

297 3489 384 3534 tamen
394 3482 520 3544 nonnulli,
532 3488 584 3533 ete.
599 3502 611 3526 ι

329 3570 360 3634 ll,
378 3572 426 3635 §5-
444 3570 539 3623 bubito
557 3585 590 3623 an
603 3571 712 3637 intelligi
732 3573 813 3636 possit
830 3586 887 3625 voc.
900 3574 997 3637 buda,
1016 3580 1073 3638 post
1089 3574 1227 3639 «reliquas
1238 3586 1329 3625 omnes
1340 3588 1369 3635 υς

296 3659 382 3723 itaque
399 3659 537 3723 legendum
555 3659 678 3722 arbitror,
693 3672 761 3711 seu:
779 3680 792 3707 ι
804 3660 917 3726 reliquas
934 3675 974 3711 rea
992 3675 1083 3713 omues
1097 3682 1125 3722 ι,
1142 3675 1209 3714 seu:
1228 3662 1368 3727 «reliquas

296 3753 362 3798 ortes
376 3769 405 3811 ·,
422 3748 518 3800 omisso
535 3763 629 3800 omnes.
641 3776 673 3787 -
684 3749 763 3802 lieest
771 3749 890 3813 iunctura
907 3752 975 3802 inter
986 3764 1015 3802 ea
1032 3764 1088 3816 quae
1104 3752 1137 3803 de
1153 3752 1300 3817 eloquentia
1313 3751 1366 3815 jana

295 3838 443 3890 senescenti
465 3844 493 3888 et
515 3837 555 3899 ,de
574 3837 735 3902 pbilosopbia
763 3838 881 3890 nascenti
903 3839 1039 3901 dicuntur;
1069 3853 1148 3904 quare
1181 3839 1257 3903 plotae
1282 3840 1367 3892 iuter-

296 3926 463 3990 pungendum
471 3938 540 3984 esse,
557 3932 617 3977 ante
631 3939 686 3977 voe.
704 3926 874 3991 pbilosophis,
891 3927 994 3991 quidam
1016 3935 1189 3991 consuerunt,
1206 3927 1250 3978 aiil
1273 3927 1367 3992 legen-

296 4013 357 4064 dum
379 4016 501 4068 matur.
529 4016 652 4080 [quiden
670 4016 762 4080 opinor
785 4018 934 4069 mutandum
957 4021 1031 4083 utpoe
1047 4018 1074 4068 in
1096 4022 1181 4084 abac,
1198 4024 1259 4069 ante
1282 4022 1367 4070 orou-

296 4114 370 4164 rom,
391 4114 439 4154 sen
457 4102 542 4166 potins
560 4104 672 4155 oratorio
688 4104 758 4167 quod
775 4103 931 4168 conjiciebat
948 4105 1079 4157 Bentleius
1096 4113 1125 4157 et
1146 4105 1237 4169 probat
1256 4106 1366 4167 Balius3

296 4190 383 4253 itaque
408 4190 502 4242 minori
530 4190 696 4244 distinctione
719 4198 776 4243 utar
799 4198 858 4256 post
882 4194 1077 4251 truantuleruolr
1105 4201 1131 4246 et
1154 4193 1296 4257 intelligam
1319 4205 1367 4243 rate-

294 4290 361 4330 ueare
382 4283 431 4340 eei,
454 4291 502 4331 seu
523 4284 620 4331 ware
631 4285 906 4333 somniarimus-eat.
925 4310 956 4322 -
975 4283 1068 4335 Belius
1088 4283 1162 4335 malit
1180 4282 1290 4348 legerer
1314 4286 1367 4333 «et

295 4368 337 4422 bla
364 4369 524 4435 tenporibus
542 4391 572 4434 ι,
600 4384 648 4435 pro
668 4384 714 4432 eet
742 4378 772 4423 ut
799 4372 929 4437 reperitur
961 4372 989 4423 iu
1017 4372 1149 4426 nonnullis
1169 4371 1314 4425 pedidibus
1335 4397 1367 4412 -
