3325 5159
574 540 616 597 Do
631 556 751 601 neamus
764 544 800 612 ll,
814 554 929 612 xvi-xx,
945 544 1041 603 t0-50.
1289 548 1338 607 lli

305 682 367 740 lll'l,
380 683 392 744 5
403 683 444 733 40.
462 682 554 747 legam
566 696 624 732 cum
636 682 723 740 Balio
736 696 768 733 ex
780 684 793 746 5
803 683 845 743 Ἠ,
859 705 870 729 «
883 684 1000 734 colantur
1011 684 1106 748 optimo
1120 698 1147 745 »3
1168 684 1238 735 edid.
1260 686 1341 736 llalnr.

275 773 381 837 optumi.
392 798 425 810 -
435 773 447 835 5
459 774 498 822 ll.
511 773 630 823 Fortasse
641 772 738 823 Tullius
749 774 853 837 scripsit
865 788 872 821 ι
886 794 898 818 κ
912 774 947 824 lle
959 773 1092 837 diligentia
1105 780 1220 825 votorum
1240 776 1303 825 satis
1314 776 1340 826 ln

274 864 331 928 lege
344 879 351 913 r
365 864 431 914 lacta
443 871 483 914 est
496 864 547 915 voti
558 864 662 926 sponsio
674 877 722 927 qua
735 864 878 927 obligamur
890 865 939 915 deo
950 885 975 924 ,».

304 954 378 1016 llllll,
391 955 403 1017 5
414 953 498 1004 44-42.
519 954 621 1017 Legitur
634 954 658 1003 in
670 954 745 1004 codd.
761 975 771 996 «
785 967 860 1019 quam
872 968 950 1018 grave
966 955 1050 1005 omnia
1071 962 1124 1006 turn
1138 975 1162 1018 a,
1182 958 1248 1007 unde
1267 957 1340 1009 lamt-

274 1057 332 1094 nam
343 1044 538 1108 suspicabantur
549 1044 616 1093 inter
627 1058 701 1107 prom
713 1051 739 1094 et
751 1044 843 1102 omnio,
856 1057 931 1109 quam
944 1044 1155 1109 Wyttenbaclrius
1166 1046 1282 1109 replebat
1292 1048 1341 1098 ad-

274 1134 358 1185 dendo
376 1133 529 1191 domitillam
547 1132 689 1196 Madvigius
707 1140 793 1182 srrtem
813 1133 877 1183 vidit
897 1146 951 1183 voe.
972 1134 1111 1183 dominibus
1130 1134 1209 1186 latere
1228 1136 1253 1185 in
1277 1149 1340 1187 voce

274 1224 364 1283 omnio,
377 1230 404 1273 et
414 1222 512 1273 monuit
523 1222 660 1285 legendum
672 1235 740 1283 esse,
753 1222 918 1273 distinctione
932 1224 1013 1286 posita
1026 1224 1340 1287 postremissimum

273 1313 429 1375 perditorum
432 1348 489 1361 ......
502 1312 545 1376 qni
558 1311 599 1362 illa
610 1319 733 1369 servarat.
746 1311 937 1375 circumspicite
944 1311 1072 1371 celeriter,
1082 1320 1134 1373 etc,
1144 1334 1165 1362 ι.
1179 1314 1341 1365 Sicllalmius

272 1402 361 1453 edidit.
382 1401 506 1465 Equidem
525 1400 630 1450 malim:
653 1423 664 1444 ι
679 1402 814 1465 Postquam
835 1402 1002 1463 perditorum.
1016 1408 1066 1452 etc.
1082 1422 1102 1449 ι.
1116 1401 1211 1453 -Non
1224 1402 1340 1468 intelligo

273 1492 333 1555 quid
344 1492 395 1542 sint
408 1490 518 1541 dudleia
530 1497 644 1551 senatus,
658 1490 744 1553 ltaliae,
756 1491 872 1555 gentium
884 1490 995 1555 denique
1008 1491 1142 1541 omnium»
1156 1504 1258 1556 ;neque
1270 1492 1342 1557 geni·

274 1583 340 1632 tivos
353 1603 363 1625 ι
377 1587 534 1633 conservatae
546 1581 632 1644 patriae
646 1600 657 1623 ι
671 1579 800 1644 legitimus
813 1579 930 1640 videtur;
942 1578 1027 1643 itaque
1046 1579 1129 1644 legam
1143 1595 1150 1629 τ
1170 1600 1180 1624 ι
1195 1581 1284 1631 iudicio
1295 1594 1341 1632 se·

273 1678 347 1721 natus
360 1672 388 1720 lt.
400 1685 425 1735 g.
438 1672 464 1721 d.
477 1683 502 1721 o.
515 1675 673 1720 conservato
685 1669 772 1732 patriae
785 1669 884 1719 laudem
901 1668 1034 1720 consecuti
1048 1681 1137 1719 sumus
1150 1689 1171 1719 r.
1184 1698 1216 1706 -
1231 1669 1339 1721 Minusa

272 1761 389 1811 codicum
401 1760 512 1810 lectione
522 1759 652 1810 discedam
664 1758 802 1810 scribendo
815 1773 822 1807 ι
838 1780 848 1803 ι
863 1772 912 1810 ιιοιι
926 1760 1008 1810 solum
1022 1765 1082 1809 sunt
1092 1759 1158 1809 uitiis
1170 1759 1275 1811 cruciati
1287 1766 1339 1825 atq.

273 1849 332 1901 ded.
348 1868 371 1910 ιι,
384 1848 453 1913 quod
464 1848 585 1898 convenit
596 1861 653 1897 cum
665 1847 697 1898 iis
708 1860 765 1912 qnae
775 1849 788 1911 5
800 1848 831 1897 43
843 1848 962 1912 leguntur
975 1863 982 1897 ι
1002 1864 1015 1891 a
1028 1848 1148 1899 ardentes
1166 1855 1221 1899 tum
1239 1848 1341 1914 cupidl-

273 1945 335 1999 tate‚
348 1945 402 1987 turn
413 1945 493 1996 metu,
506 1944 559 1988 tum
570 1936 725 1988 conscientia
739 1956 762 1985 r.
776 1937 847 1987 llalnr
859 1937 940 1989 edidit
952 1952 959 1986 ι
973 1955 986 1983 κ
999 1938 1053 1988 Non
1065 1936 1148 1988 solum
1162 1937 1269 1988 nullutn
1289 1938 1338 1989 vita

272 2027 420 2077 cruciatu».
442 2026 511 2077 Bruti
530 2026 716 2077 correctionem
737 2040 786 2075 «n.
806 2039 827 2076 s.
850 2026 907 2077 ritae
925 2026 1039 2077 cruciatu
1053 2045 1066 2071 r
1086 2026 1177 2077 Balrius
1196 2035 1290 2077 tuetur.
1306 2054 1338 2066 ·-

273 2116 284 2177 5
296 2115 336 2166 43.
349 2115 471 2176 Quoniam
483 2115 524 2165 vir
538 2115 589 2166 dloi
601 2122 686 2178 potest
695 2115 789 2179 judicia
803 2115 878 2165 simul
891 2123 1010 2179 corrupta
1022 2124 1121 2167 essert
1137 2123 1266 2180 perrupta,
1282 2128 1340 2167 natn

273 2212 393 2268 perrupta
405 2205 438 2256 de
451 2204 621 2255 tribunalibus
632 2205 791 2269 intelligitur,
803 2212 922 2270 corrupta
934 2207 968 2257 de
979 2206 1117 2268 sententia,
1137 2206 1241 2257 Scltlitz.
1256 2206 1340 2257 inclu-

273 2297 308 2346 sit
318 2300 446 2360 perrupto,
460 2296 541 2345 llalm.
552 2300 668 2359 corrupta
675 2311 684 2355 ,·
696 2296 815 2359 equidem
826 2295 964 2361 legendum
977 2310 1035 2348 esse
1047 2298 1138 2361 opinor
1151 2312 1158 2347 a
1178 2319 1189 2342 a
1203 2299 1260 2348 iuro
1277 2311 1339 2362 per-

274 2392 346 2448 rupto
358 2384 391 2434 ab
401 2384 503 2446 iisdem,
514 2384 607 2435 iudicia
619 2393 737 2448 corrupta
749 2384 890 2443 hominum,
904 2398 954 2436 non
966 2386 1071 2436 deorum
1082 2406 1103 2434 ι.
1112 2388 1163 2450 -5
1174 2388 1214 2439 44.
1228 2389 1339 2438 Auctore

272 2473 442 2524 llulsemanuo
453 2472 554 2537 legam:
569 2493 579 2516 ι
593 2474 699 2523 Tantum
711 2485 803 2535 ponam
815 2474 914 2523 securis
930 2474 1056 2537 duplicem
1077 2486 1135 2526 esse
1155 2488 1255 2538 poeoam
1269 2475 1338 2525 divi·

272 2574 328 2611 nam
343 2581 365 2621 ι,
377 2568 404 2611 et
414 2573 508 2625 sequar
518 2560 672 2626 iladviglum
683 2560 812 2625 legentem
826 2577 833 2611 ι
846 2579 860 2605 ee
873 2574 980 2627 eamque
993 2570 1111 2614 constare
1123 2567 1146 2613 et
1157 2578 1189 2614 err
1204 2564 1336 2627 vexandis,

271 2660 321 2703 elc-
336 2672 360 2703 ιι,
453 2685 456 2691 ,

302 2740 388 2803 xvlll,
400 2742 412 2804 5
423 2742 462 2791 t5.
476 2740 571 2804 Legunt
582 2753 640 2791 cum
653 2740 794 2792 lambino:
808 2742 952 2806 «Ligneum
963 2749 1048 2793 nutem
1061 2744 1186 2807 quodquis
1195 2743 1336 2807 volueritn,

271 2832 299 2875 ut
309 2825 430 2876 reddatur
441 2837 552 2888 graecurn
564 2822 577 2877 ὅ
590 2844 614 2878 τι
627 2819 658 2877 ἄν
672 2824 738 2899 idcir
752 2845 788 2887 τις
802 2827 882 2890 (apud
892 2827 955 2877 Plat.
964 2828 1043 2891 legg.
1052 2827 1115 2892 xl),
1128 2832 1220 2878 etcum
1229 2828 1336 2889 ilalmio,

272 2910 358 2960 dicolo-
371 2938 403 2947 -
414 2910 426 2973 5
438 2910 479 2960 46.
491 2909 628 2974 Egregium
640 2910 760 2975 lladvigii
771 2911 958 2962 correctionem
970 2912 1080 2976 legentis
1091 2924 1126 2961 «a
1140 2911 1302 2975 peritissimis
1313 2932 1336 2971 ι,

272 3013 318 3062 pro
329 3000 406 3051 codd.
418 3001 478 3051 lect.
499 3000 648 3065 apertissimi
665 3000 768 3051 admisit
787 3001 908 3051 llalmius.
921 3001 1043 3064 -ldem‚
1061 3002 1231 3066 adstipulante
1250 3001 1337 3058 Ballio.

270 3090 362 3141 Davisii
373 3103 425 3141 non
436 3090 520 3141 minus
531 3090 671 3155 legitimam
682 3091 869 3142 correctionem
881 3092 907 3141 in
920 3098 1019 3143 tentum
1032 3092 1133 3143 tandem
1146 3091 1258 3155 recepit:
1274 3091 1338 3155 «qui

270 3180 346 3230 modo
358 3180 463 3245 ingenio
476 3180 510 3231 sit
521 3180 645 3231 mediocri
658 3198 680 3229 ι.

301 3268 366 3326 xlx,
376 3269 391 3333 5
402 3272 442 3320 47.
460 3271 579 3321 Fortasse
591 3270 738 3334 legendum,
752 3283 797 3334 pro
810 3289 822 3314 r
835 3277 879 3321 attt
890 3270 941 3321 ullo
958 3271 1058 3321 omnino
1072 3291 1093 3329 »‚
1115 3292 1124 3312 ι
1139 3279 1183 3322 aut
1200 3271 1251 3322 olio
1269 3284 1337 3321 com·

270 3357 340 3407 muni
352 3375 375 3405 r.
387 3384 416 3394 -
429 3359 441 3421 5
452 3360 491 3410 48.
505 3359 602 3409 llonuit
617 3359 769 3424 Madvigius,
789 3372 866 3424 quem
884 3358 1060 3423 Feldltuegel„
1080 3359 1172 3420 illota..
1193 3359 1273 3409 llalm.
1292 3371 1337 3410 se·

270 3446 343 3512 quoti
355 3455 423 3503 sunt.
440 3450 526 3511 spuria
542 3462 600 3501 esse
620 3450 698 3501 verba
716 3462 773 3515 qnae
791 3450 859 3501 inter
879 3456 1026 3515 «perpetua
1045 3450 1097 3502 sint
1112 3471 1132 3493 av
1143 3458 1169 3501 et
1188 3471 1200 3495 r
1214 3452 1267 3503 lloc
1285 3463 1336 3501 uno

270 3536 353 3599 posito
368 3557 379 3580 ι
392 3536 521 3600 leguntur.
533 3539 653 3590 Fortasse
665 3538 691 3589 in
703 3539 736 3589 iis
747 3538 809 3589 latet
821 3538 891 3602 prior
901 3538 952 3589 loci
968 3538 1012 3602 qui
1030 3538 1165 3600 subjicitur
1181 3538 1335 3600 enunciatio‚

269 3638 345 3689 quam
357 3624 455 3675 librarii
467 3626 552 3688 inepte
564 3634 732 3679 servaverunt
744 3628 956 3691 negligenterque
969 3626 1181 3691 perscripserunt.

300 3714 353 3774 xx,
366 3715 380 3780 5
391 3715 431 3764 49.
445 3716 558 3766 lllterurn
571 3716 679 3780 geminae
690 3716 877 3768 enunciationis
888 3717 1033 3781 exemplum
1044 3717 1168 3769 habemus
1179 3718 1204 3767 in
1216 3716 1257 3769 liis
1269 3718 1335 3770 diro-

271 3802 320 3852 hus
331 3803 419 3856 incisis
432 3820 439 3854 ι
453 3828 464 3848 ι
477 3804 499 3855 si
512 3806 634 3856 maiorem
646 3813 743 3869 panem
757 3806 871 3869 pecuniae
882 3806 966 3870 capiat
978 3826 991 3852 r
1004 3813 1031 3857 et
1052 3826 1061 3849 ι
1076 3808 1098 3857 si
1114 3807 1195 3858 maior
1214 3819 1272 3871 pars
1289 3820 1336 3871 pe·

270 3890 352 3940 cuniae
362 3891 443 3957 legata
456 3900 497 3945 est
511 3915 521 3937 ι
535 3908 643 3959 quorum
659 3895 811 3945 alterutrum
830 3895 966 3948 manifesto
982 3895 1110 3957 abundat;
1130 3897 1248 3961 equidem
1266 3896 1337 3961 prius

270 3991 380 4040 servem,
394 3987 422 4031 ut
433 3980 493 4032 lecit
504 3983 618 4035 Halmius
630 3993 760 4047 preeunte
771 3985 892 4037 Christio.
903 4012 935 4022 -
947 3985 962 4051 5
973 3986 1012 4037 50.
1027 3986 1138 4037 llalmlns
1154 3985 1225 4036 malit
1237 4001 1243 4034 ε
1266 4007 1276 4030 ι
1289 3987 1335 4039 scd

270 4068 399 4130 pontifices
409 4082 545 4135 εεᾳιιιιιιιιι·
558 4093 580 4133 ι,
594 4088 639 4137 pro
648 4074 808 4139 pontificemr
821 4076 889 4139 quod
902 4075 974 4138 silit,
987 4076 1070 4127 omitti
1082 4082 1166 4140 polest
1182 4089 1237 4126 voc.
1254 4075 1336 4140 ponti·

270 4160 335 4221 pices,
355 4158 422 4210 inter
442 4162 508 4225 quod
523 4170 550 4214 et
569 4178 652 4215 «com
671 4165 778 4227 pecunia
793 4185 815 4227 ι,
836 4172 864 4215 ut
883 4166 986 4218 volebat
1003 4166 1103 4217 Bakius.
1116 4194 1147 4203 -
1162 4167 1257 4231 legam
1276 4180 1334 4217 cunr

269 4249 361 4299 eodem
374 4264 382 4297 z
395 4267 408 4293 o
421 4250 454 4299 od
464 4264 518 4314 quor
529 4252 622 4303 addunt
633 4254 682 4305 ltoc
694 4254 813 4306 Scaevolae
825 4272 850 4317 ιι,
869 4268 916 4319 pro
935 4254 1003 4320 vulg.
1025 4276 1036 4299 a
1050 4259 1122 4321 atque
1141 4256 1216 4306 elium
1234 4256 1296 4306 dont
1310 4276 1332 4317 ι,

269 4338 343 4401 quod.
351 4338 497 4403 religiosius
508 4342 618 4392 muravit
628 4343 784 4396 Halmius-
791 4344 900 4396 Prorsus
906 4344 1022 4397 omittam
1028 4345 1138 4397 incudm
1149 4345 1175 4395 lt.
1183 4344 1201 4395 l.
1208 4344 1332 4396 alienum:
