3325 5159
464 594 505 650 ils
518 606 632 651 rtureus
645 607 783 651 eouoeurt
799 596 847 665 ΙΙΙ,
863 608 901 665 ιιι,
918 609 968 663 vu,
986 596 1079 652 Ι9-ΙΙ.
1268 596 1303 652 35

237 733 352 784 orationi
369 733 450 795 agis
467 739 553 795 aptum
571 732 727 795 legesffl:
749 753 757 774 ι
772 732 804 782 ΙΙΙ
820 733 888 781 enim
906 734 931 782 in
952 733 1083 793 membris,
1103 741 1153 783 etc.
1170 756 1179 775 ι
1198 761 1224 769 -
1239 736 1250 795 §
1264 735 1302 783 ΙΙΙ.

240 822 347 883 Legem,
360 828 464 870 auctore
476 820 591 877 barisio,
606 842 616 863 «
631 821 704 870 istius
715 822 784 870 midi
795 823 861 869 enim
876 843 896 878 ι,
910 828 1059 884 procurem.

273 910 301 959 ΙΙΙ
309 948 317 967 ,
330 911 342 971 5
353 909 394 958 20.
408 909 509 957 llinime
522 909 658 958 uerisimile
675 917 735 972 puto
743 910 851 958 Tullium
864 923 936 958 usum
948 924 1006 959 esse
1018 911 1106 958 eadem
1121 907 1182 958 roe'e
1194 910 1303 965 aelectio,

239 1005 268 1047 ut
280 999 427 1061 designaret
440 997 558 1047 notiones
570 1004 619 1045 tam
632 998 784 1056 dissimiles;
806 1012 852 1047 nec
872 998 985 1061 intelligo
1004 1000 1064 1061 qtrid
1077 1000 1158 1046 raleat
1177 999 1229 1047 baec
1249 997 1301 1047 lor-

238 1086 308 1135 mula
321 1105 333 1127 ι
346 1099 404 1135 cum
416 1085 499 1135 obicio
510 1085 617 1135 selectio
629 1099 650 1143 ·;
671 1086 754 1149 itaque
774 1086 908 1149 legendum
928 1088 1037 1137 arbitror
1048 1088 1152 1135 rollrrtio.
1178 1087 1301 1135 Praeterea

238 1175 355 1239 quaedam
374 1176 465 1224 deesse
487 1175 511 1223 in
533 1175 579 1224 bac
597 1176 723 1224 sententia
741 1176 842 1237 opinor,
862 1189 917 1239 qrrae
935 1178 972 1226 sie
985 1177 1131 1239 suppleam:
1153 1176 1298 1239 «Sequitur

238 1264 363 1327 deinceps
374 1277 460 1313 eorum
473 1277 530 1312 cum
542 1263 625 1313 officio
637 1256 748 1318 collatio.-
765 1265 858 1314 deinde
870 1280 899 1313 eo
912 1266 1041 1314 trituratio
1055 1274 1192 1327 perpetua,
1206 1273 1257 1313 tum
1270 1263 1301 1312 ad

239 1361 384 1403 extremum
402 1363 523 1402 constans
539 1361 760 1416 consentaneaque
772 1362 884 1411 uatnrae,
899 1354 982 1418 inqua
997 1356 1103 1416 primum
1117 1355 1201 1402 inesse
1214 1353 1302 1414 incipit

240 1450 268 1492 et
280 1442 389 1505 intelligi
405 1442 466 1506 quid
478 1442 511 1492 sit
528 1443 595 1506 quod
608 1456 669 1492 rere
681 1442 776 1492 bonum
789 1444 869 1505 possit
881 1443 940 1493 dici.
953 1466 963 1485 ι
984 1444 1025 1493 Sic
1042 1444 1166 1492 sententia
1179 1442 1302 1505 gradatim

241 1531 366 1593 procedit,
376 1543 424 1579 nec
434 1530 468 1579 ab
479 1530 551 1580 initio
563 1531 655 1581 dicitur
668 1531 735 1594 qnod
743 1532 866 1593 deinceps
878 1539 1017 1581 enarratur.
1030 1558 1050 1567 ·
1068 1532 1132 1595 §tl
1148 1532 1303 1580 Dissentiunt

242 1602 355 1675 codices,
368 1619 444 1668 etiam
457 1619 555 1680 optimi,
568 1619 594 1666 in
607 1619 695 1668 rerbis
707 1633 763 1682 qtrae
775 1627 832 1682 post
842 1640 852 1662 ι
863 1620 995 1669 reserenda
1008 1629 1066 1668 sunt
1079 1640 1090 1663 ιι
1108 1620 1241 1682 leguntur:
1255 1620 1301 1669 att

242 1707 337 1757 babent
348 1727 359 1748 ι
376 1708 460 1757 omnia
474 1708 581 1757 honeste
595 1707 658 1755 lacta
669 1728 691 1766 ·,
705 1708 723 1755 B
737 1710 840 1756 «omnia
852 1708 956 1756 honesta
971 1706 1032 1755 taneta
1045 1728 1066 1767 »,
1080 1708 1147 1755 unde
1159 1707 1263 1770 colligas
1276 1707 1301 1757 id

239 1796 348 1845 incisum
363 1797 478 1859 spurium
490 1810 565 1856 esse,
584 1804 611 1845 et
629 1804 712 1845 ortum
731 1811 761 1846 er
775 1796 918 1845 seboliastae
934 1796 1106 1854 adnotatione,
1119 1796 1162 1858 utri
1174 1796 1301 1857 explicare

240 1886 385 1935 rolnitroc.
397 1887 481 1935 omnin
491 1887 559 1949 quod
572 1887 665 1948 legitur
676 1895 734 1935 ante
749 1909 758 1928 ι
775 1886 907 1935 referenda
920 1894 979 1934 suut
988 1900 1010 1945 »3
1024 1886 1118 1948 reliqna
1132 1885 1267 1944 sententia,
1278 1885 1303 1933 in

239 1988 288 2038 qua
298 1975 372 2024 unice
381 1976 413 2024 de
422 1975 528 2024 bonesto
536 1975 629 2038 agitur,
642 1975 690 2023 boe
701 1976 899 2024 additamentum
910 1975 1014 2036 respuit;
1023 1982 1048 2023 at
1060 1975 1194 2037 legendnm
1203 1973 1302 2023 ridetur

240 2084 252 2107 ι
265 2064 350 2126 ipsum
362 2064 497 2113 bonestum
507 2079 529 2120 »ς
542 2063 669 2128 ipurmpue
682 2064 739 2113 ideo
751 2064 812 2113 dant
824 2065 926 2113 codices
938 2065 995 2128 quia
1016 2066 1138 2113 insertum
1151 2062 1197 2112 init
1209 2074 1301 2124 perpe-

240 2166 296 2202 ram
307 2153 432 2213 scholion,
445 2166 493 2202 nee
505 2166 560 2201 eam
572 2154 748 2203 auctoritatem
762 2154 840 2203 babet
852 2153 900 2202 boc
914 2168 967 2202 rou.
981 2166 1055 2215 quam
1073 2153 1096 2201 ei
1108 2153 1220 2214 assignat
1233 2151 1302 2200 liud·-

240 2244 335 2307 vigius.
346 2244 399 2293 Non
412 2235 493 2306 magis
505 2256 603 2306 parcam
617 2243 716 2292 verbis:
730 2267 741 2288 «ι
750 2246 817 2307 qrrod
831 2245 911 2293 solnm
925 2245 949 2292 iu
963 2245 1037 2293 bonis
1048 2245 1161 2293 dneitnr=
1171 2259 1178 2302 ;
1189 2244 1301 2306 plerique

242 2333 361 2394 codices,
373 2334 451 2383 etiam
464 2336 482 2382 Α
495 2372 502 2393 ,
516 2334 634 2383 οιιιΙΙιιιιιι
646 2335 741 2392 solum,
762 2335 780 2381 E
794 2334 871 2383 babet
884 2355 893 2376 ι
909 2348 956 2397 quo
968 2335 1049 2382 solum
1060 2347 1082 2389 rr,
1095 2334 1198 2383 onmiuo
1210 2347 1302 2396 super·

243 2435 320 2472 raca
336 2432 393 2473 suut
406 2423 459 2473 baec
473 2423 565 2478 rerba,
578 2432 606 2472 ut
618 2422 709 2471 latetur
722 2423 877 2485 liadrigius,
898 2424 939 2486 qni
958 2424 1073 2472 Ciceroni
1094 2423 1222 2471 festinanti
1235 2431 1261 2471 et
1277 2423 1301 2471 in

242 2512 373 2582 nodorum
391 2511 528 2561 stoicorum
546 2512 626 2571 spinis
644 2511 763 2571 baerenti,
782 2525 838 2573 qnae
850 2512 897 2560 boc
911 2512 966 2560 loco
978 2511 1053 2559 nullae
1064 2519 1134 2568 sunt,
1147 2511 1241 2559 marult
1256 2511 1303 2561 bos

240 2614 325 2651 ueros
337 2601 467 2658 tribuere,
486 2614 561 2663 quam
573 2601 731 2650 librariorum
746 2608 924 2662 praeposteram
937 2600 1097 2649 sedulitatem
1115 2612 1303 2661 agnoscere.-

240 2691 303 2753 522.
321 2690 441 2746 Ursinus,
454 2689 564 2747 Marsus,
578 2690 734 2751 Madvigius,
754 2690 868 2739 Baiterus
886 2690 993 2740 delenda
1013 2703 1071 2738 esse
1089 2688 1248 2750 judicarunt,
1263 2688 1303 2737 rel

240 2779 314 2828 uncis
332 2778 501 2839 secludenda,
515 2780 590 2827 rerba
605 2795 611 2826 ε
632 2799 644 2821 ι
657 2780 694 2827 sic
707 2780 742 2827 illi
755 2779 838 2828 iacere
852 2779 935 2827 omnia
948 2792 1003 2841 quiae
1016 2779 1095 2839 possit
1108 2786 1134 2826 ut
1146 2777 1274 2828 collineet.
1291 2798 1300 2819 ι

239 2866 382 2916 Mattb'mus
392 2867 462 2916 delet
473 2867 549 2915 etiam
561 2867 703 2915 membrum
717 2883 723 2914 :
739 2890 748 2908 ι
763 2869 829 2916 sieut
846 2880 892 2917 nos
905 2867 1019 2916 ultimum
1033 2868 1058 2914 in
1072 2867 1145 2915 bouis
1157 2866 1298 2915 dicimus.»

240 2955 283 3004 Fr.
291 2955 391 3005 Jacobs.
406 2956 440 3017 (in
453 2955 577 3017 Pbilolog.
590 2955 636 3013 Vi,
651 2970 675 3017 p.
687 2958 733 3005 tat
746 2958 779 3014 s.)
791 2957 955 3005 scribendum
968 2969 1025 3005 esse
1037 2963 1142 3005 censet:
1164 2977 1172 2997 ι
1187 2956 1253 3005 sient
1265 2955 1301 3004 illi

241 3042 324 3093 iacere
335 3045 433 3107 omnia,
452 3027 547 3094 etc....‡
559 3051 586 3092 ut
598 3044 750 3104 collineetn3
766 3037 812 3093 sed
826 3045 901 3092 rerba
922 3057 977 3106 qnae
994 3051 1135 3106 serpruntnr
1149 3059 1155 3091 ι
1170 3044 1257 3093 «Huic
1275 3044 1300 3091 in

241 3134 366 3184 eiusmodi
385 3134 550 3183 similitudine
554 3166 603 3183 .....
616 3147 667 3184 ιιοιι
679 3134 850 3195 expetendum
861 3149 882 3192 »ς
905 3139 931 3182 et
944 3131 1004 3182 ialsa
1017 3146 1074 3181 esse
1086 3134 1121 3181 ait
1137 3145 1219 3194 neque
1232 3144 1245 3178 a
1258 3132 1301 3180 Ci-

240 3236 335 3274 cerone.
348 3224 461 3291 potuisse
473 3224 560 3272 scribi.
579 3225 667 3273 Totam
686 3224 840 3273 sententiam
852 3223 875 3272 si
890 3223 1012 3271 attentius
1028 3221 1186 3276 consideres,
1203 3218 1302 3270 alteru-

241 3319 308 3362 trum
327 3311 469 3362 membrum
487 3313 616 3362 abundare
638 3326 777 3376 agnosces,
806 3326 949 3376 novumque
970 3312 1104 3374 vestigium
1125 3308 1302 3371 deprehendes

241 3405 349 3467 geminae
364 3418 395 3453 ex
415 3405 494 3465 ipsius
513 3404 643 3453 Ciceronis
661 3418 735 3453 manu
748 3403 946 3459 enuntiationis,
966 3416 1021 3465 utrae
1038 3404 1070 3451 ab
1083 3402 1194 3451 librariis
1205 3402 1230 3449 io
1243 3414 1300 3449 ora-

241 3492 317 3542 tionis
328 3506 414 3550 cnrsu,
426 3492 482 3541 sine
493 3492 649 3552 discrimine,
662 3493 757 3541 inserta
769 3491 825 3541 init.
838 3493 880 3542 Sic
893 3493 962 3554 prins
974 3491 1027 3541 iere
1042 3492 1192 3554 scripserat,
1201 3492 1300 3553 opinor,

241 3579 338 3629 Tullios
350 3595 357 3627 ι
370 3599 382 3624 ι
396 3581 495 3631 Etenim
514 3581 535 3629 si
552 3580 593 3629 eui
610 3581 767 3642 propositum
786 3582 820 3630 sit
838 3582 973 3630 collineare
992 3581 1089 3629 bastam
1101 3581 1185 3643 aliquo
1203 3588 1246 3629 aut
1258 3593 1298 3628 sa-

241 3670 340 3731 gittam,
353 3669 419 3718 sicut
431 3680 477 3718 nos
489 3669 604 3717 ultimum
616 3669 641 3717 in
654 3670 728 3717 bouis
739 3669 856 3728 dicimus,
868 3670 906 3718 sic
918 3669 960 3718 ille
972 3668 1047 3728 fotini
1058 3669 1140 3717 omnia
1154 3682 1210 3730 que
1223 3668 1302 3728 possit

243 3764 271 3805 ut
293 3756 419 3807 collineet.
435 3776 448 3801 a
468 3757 563 3806 Deinde
583 3758 722 3806 orationem
742 3758 775 3805 ita
795 3758 900 3806 mutarit
923 3759 1125 3819 sententiamque
1144 3756 1299 3817 compleuit:

245 3868 255 3889 «
273 3847 392 3908 illenim,
404 3848 426 3895 si
438 3847 479 3895 cui
492 3860 554 3908 prop
557 3880 605 3895 .....
617 3854 661 3896 aut
672 3847 805 3909 sagittam
826 3847 884 3895 buic
897 3847 921 3895 in
934 3847 1058 3896 eiusmodi
1071 3845 1234 3894 similitudine
1248 3857 1300 3892 om·

243 3935 284 3983 nia
296 3935 348 3984 siut
359 3936 473 3985 iacienda
486 3942 513 3984 ut
523 3934 652 3992 collineet,
665 3943 691 3984 et
704 3943 797 3991 tamen,
811 3942 860 3984 etc.
876 3954 885 3976 ι

274 4024 316 4073 Vll
325 4062 332 4084 ‚
340 4025 358 4086 ἦ
369 4023 409 4074 ⁶23.
422 4024 519 4073 Verba:
535 4024 666 4086 «itemque
679 4030 705 4072 et.
716 4024 780 4073 ratio
791 4032 817 4073 et
829 4024 941 4086 perfecta
955 4003 1038 4072 ratio»
1052 4022 1088 4070 sic
1102 4022 1168 4070 nude
1180 4020 1300 4070 sinedata

243 4126 318 4162 causa
333 4114 441 4173 adnexa,
458 4114 506 4163 boc
519 4113 575 4163 loco
587 4113 671 4174 spuria
684 4113 816 4173 ridentur;
836 4114 885 4162 nisi
905 4113 974 4174 legas
992 4124 1049 4160 cum
1068 4109 1142 4159 llakio
1161 4110 1208 4171 (de
1221 4110 1301 4172 Legg.

245 4217 268 4264 p.
282 4203 327 4253 337
339 4202 379 4266 s.)
393 4219 400 4250 ι
416 4225 425 4246 ι
440 4204 550 4267 itemque
563 4203 629 4252 ratio
640 4204 671 4252 ad
685 4202 822 4265 perlectam
836 4204 959 4252 rationem
974 4222 995 4245 ι.
1008 4226 1039 4238 -
1056 4200 1118 4263 §ut
1131 4200 1300 4259 Transieram,

244 4299 364 4343 monente
376 4293 511 4357 Madvigio,
523 4301 583 4356 post
597 4292 689 4342 rerba:
703 4312 715 4336 ι
729 4293 753 4341 id
767 4299 807 4341 est
818 4292 880 4340 artis
892 4290 993 4340 effectio
1006 4310 1029 4351 ι,
1044 4291 1148 4352 primam
1161 4291 1186 4352 §i
1199 4289 1229 4339 32
1241 4302 1300 4338 sen·

244 4382 349 4431 tentiam
362 4396 369 4430 :
383 4402 394 4424 ι
407 4381 457 4432 Sed
469 4382 495 4430 in
506 4381 601 4432 ceteris
612 4381 711 4432 artibus
721 4393 780 4430 oum
790 4380 883 4430 dicitur
893 4379 1040 4438 artificiose,
1053 4387 1180 4441 posterum
1193 4377 1301 4440 quodam
