3325 5159
524 575 565 632 bc
580 588 695 634 rrvrnus
708 589 847 634 uouonuu
862 578 897 648 11,
913 591 1030 647 arr-mv,
1046 579 1141 640 ild-to.
1331 583 1366 638 li

299 714 375 763 tinem
386 712 487 775 capitis,
503 713 576 777 quasi
587 725 711 765 summam
723 715 802 765 totius
813 715 861 765 ioci
873 723 900 765 et
910 717 984 780 qnasi
994 717 1090 783 aditum
1102 718 1135 768 ad
1148 719 1273 780 proxima,
1285 727 1368 770 trans·

300 804 380 853 leram
392 804 545 855 sententiam
556 804 591 854 de
600 804 674 867 cuius
692 817 769 856 sensu
784 806 918 869 ambigunt
935 808 1048 859 editores
1064 815 1092 859 et
1102 820 1158 870 quac
1170 808 1266 862 lacunae
1278 811 1366 873 suspi-

297 892 400 944 cionem
412 893 504 944 movit:
519 893 583 944 -dis
594 893 714 944 omnibus
723 906 789 957 quos
799 895 853 946 dixi
864 904 1051 959 consequentes
1062 904 1122 947 sunt
1134 896 1199 947 lines
1209 897 1335 949 bonorum
1343 917 1370 961 r,

299 980 425 1045 Aristippo
431 983 570 1043 respondet
578 982 707 1033 Polemoni
717 990 745 1033 et
755 983 893 1045 Aristoteli,
906 996 957 1039 nou
970 997 1030 1036 vero
1043 985 1213 1044 triremibus,
1225 986 1293 1050 qrrod
1306 988 1368 1038 vidit

299 1068 410 1118 Matthias
428 1069 472 1132 qui
491 1069 630 1120 delendum
648 1071 772 1122 censebat
790 1071 950 1122 membrum:
966 1073 1031 1123 «Mis
1049 1073 1201 1123 omnibus...
1212 1073 1276 1124 ines
1287 1074 1369 1124 bono·
1430 1116 1432 1120 ,

298 1170 385 1206 rums.
405 1158 494 1207 omnia
512 1172 580 1209 nunc
599 1157 667 1209 iaciii
684 1161 782 1210 ratione
801 1168 828 1211 ct
847 1160 954 1212 naturali
973 1163 1055 1223 gradu
1069 1164 1219 1225 procedunt,
1233 1170 1259 1213 et
1271 1163 1369 1213 Tullius

297 1244 461 1308 negligentiae
471 1245 578 1297 crimine
595 1247 728 1309 liberatur,
740 1249 808 1311 quod
821 1248 914 1300 ieviter
924 1249 949 1299 ei
960 1250 1051 1299 tribuit
1063 1251 1172 1315 Madvig.

330 1333 383 1383 xil.
396 1334 432 1384 Ea
445 1335 521 1386 verba
533 1348 590 1398 quae
602 1334 730 1399 leguntur,
742 1343 801 1399 post
812 1354 825 1381 r
835 1336 940 1388 lecisset
951 1337 1020 1389 idem
1029 1358 1050 1398 ·,
1069 1338 1112 1390 ubi
1129 1339 1243 1389 editores
1260 1339 1369 1403 jampri-

298 1422 359 1471 dem
376 1423 488 1474 nominis
505 1422 626 1487 Aristippi
644 1425 847 1476 additamentum
864 1431 1027 1485 nouverunt,
1039 1434 1066 1477 et
1085 1427 1111 1477 in
1123 1427 1217 1490 quibus
1228 1427 1370 1491 Madvigius

297 1510 384 1561 denuo
402 1511 533 1561 Ciceronis
551 1511 733 1575 negligentiam
752 1512 844 1576 carpit,
856 1513 920 1563 nibil
932 1519 994 1566 sunt
1003 1514 1071 1565 aliud
1084 1526 1160 1578 quam
1172 1515 1257 1578 inepta
1269 1521 1296 1565 et
1307 1513 1367 1566 laisa

299 1600 417 1650 vocabuli
433 1600 497 1650 idam
513 1600 667 1663 explanatio,
679 1601 747 1664 quod
759 1613 847 1664 perse
860 1602 961 1665 planum
973 1610 1021 1653 est.
1035 1603 1080 1653 ilis
1091 1602 1185 1654 deletis
1195 1616 1256 1654 sana
1268 1604 1296 1654 srt
1309 1617 1369 1655 ora-

301 1688 348 1737 tio.
360 1715 390 1726 -
402 1689 414 1751 ἓ
425 1687 466 1739 36.
478 1688 578 1751 begere
597 1688 699 1739 malim:
713 1690 789 1739 «lom
806 1690 874 1752 quod
891 1690 958 1750 ait»,
977 1690 1037 1753 quia
1056 1703 1149 1741 norum
1159 1692 1214 1742 adit
1229 1704 1369 1755 argumen-

300 1784 354 1827 tum
366 1776 471 1828 Tullius.
485 1804 516 1814 -
527 1777 628 1838 Melius,
640 1777 740 1841 opinor,
754 1778 912 1841 intelligetur
929 1779 1010 1829 oratio
1022 1778 1208 1842 scriptorisque
1219 1779 1300 1830 menti
1310 1792 1369 1830 res·

299 1866 433 1927 pendebit,
454 1866 488 1928 si,
511 1874 570 1929 post
592 1866 697 1918 verbnm
725 1866 845 1926 iudicare,
863 1875 923 1917 ante
938 1868 987 1917 uisi
1006 1868 1080 1932 grand,
1093 1868 1231 1919 transieras
1242 1868 1367 1919 incisum:

300 1968 397 2018 ‹rguum
408 1955 562 2018 privatarum
578 1955 661 2007 litium
679 1956 778 2008 indices
796 1969 886 2007 sumus
895 1976 917 2006 ι.
929 1983 959 1994 -
972 1957 1063 2007 Merito
1075 1957 1168 2008 Baiter.
1181 1957 1240 2008 cod.
1252 1959 1272 2007 Α
1284 1957 1369 2021 sequi-

297 2054 343 2093 tur·
358 2044 402 2107 qui
417 2045 462 2095 dat
477 2045 538 2102 bre,
556 2052 585 2095 ut
597 2044 698 2095 volebat
710 2045 853 2107 Ernestirrs,
866 2059 917 2097 uon
930 2059 990 2098 vero
1007 2046 1068 2101 Moe.
1081 2046 1149 2110 quod
1162 2052 1247 2096 tuetur
1259 2046 1368 2109 iladvig.

241 2198 243 2202 ι
300 2158 332 2169 ·-
343 2130 357 2195 5
368 2131 409 2181 37.
420 2131 528 2181 Tullium
539 2131 674 2194 scripsisse
687 2138 765 2194 puto:
780 2151 791 2175 ι
802 2130 885 2193 Quum
892 2132 970 2195 igitur
979 2132 1153 2195 pronuntiabit
1163 2132 1316 2184 sententiam
1329 2144 1369 2182 ra·

299 2220 346 2279 tio,
358 2226 410 2269 etc.
420 2240 431 2261 ι
440 2220 547 2271 Codices
559 2220 655 2271 babent
666 2234 751 2285 quom·
763 2220 973 2272 edascensiana
986 2219 1085 2272 ferebat
1096 2234 1209 2285 aequom,
1218 2221 1288 2285 quod
1296 2221 1369 2271 Mad·

300 2308 363 2371 vig,
377 2308 481 2370 Baiter,
493 2308 536 2359 alii
552 2309 829 2368 admiserun13atnon
841 2310 980 2373 respondet
990 2310 1111 2360 adverbio
1121 2310 1242 2373 pomum,
1250 2310 1320 2373 quod
1331 2309 1368 2360 le·
1422 2343 1426 2350 -

300 2396 370 2458 gitur
381 2404 440 2460 post
450 2396 560 2448 alterum
570 2396 751 2460 monontiobit,
763 2410 848 2460 neque
861 2397 903 2446 bic
914 2398 998 2460 agitur
1009 2397 1041 2448 de
1054 2397 1185 2461 capivitate,
1196 2398 1243 2448 sed
1255 2398 1288 2448 dc
1300 2398 1368 2447 veri*

301 2490 362 2534 late.

330 2572 395 2634 xiil,
407 2572 422 2637 5
432 2572 472 2624 li.
485 2590 499 2619 u
514 2573 545 2624 llt
563 2573 704 2636 probaret·
721 2573 790 2624 idem
810 2573 878 2623 vaiet
898 2572 967 2635 quod
978 2572 1071 2636 «quasi
1088 2572 1240 2635 probaret».
1252 2598 1283 2615 -
1299 2571 1368 2621 Mar-

299 2673 355 2722 sus,
373 2661 521 2724 Lambinus,
541 2662 666 2721 Davisius,
689 2662 833 2723 lirnestius,
851 2660 976 2720 Brennus,
992 2660 1118 2722 Goereuz,
1130 2658 1239 2710 Orellius
1250 2659 1369 2710 omittunt

300 2749 395 2801 verba:
408 2762 458 2801 «aa
476 2763 535 2802 cnm
553 2750 677 2814 voluptate
688 2752 875 2813 coniungerent
884 2764 907 2811 »3
919 2749 1022 2811 merito,
1034 2750 1094 2812 quia
1104 2748 1244 2799 absurdum
1258 2754 1369 2807 sonant;
1402 2774 1405 2780 ·

298 2840 345 2889 sed
357 2839 446 2902 optimi
461 2840 565 2890 codices
576 2839 661 2889 lerunt
673 2841 815 2897 lroncstolcr
825 2840 912 2904 imque
924 2840 1075 2903 Madvigius,
1087 2838 1131 2902 qui
1144 2838 1242 2901 priores
1253 2838 1367 2889 editores

299 2936 424 2993 sequutus
437 2936 503 2991 crat,
519 2928 569 2979 boc
588 2928 695 2979 incisum
708 2929 822 2979 restituit
831 2928 942 2992 legendo
953 2930 1092 2987 canestrum
1105 2927 1178 2977 aliter
1190 2927 1258 2976 enim
1270 2927 1371 2977 nescias

237 3053 244 3075 ,
300 3018 368 3068 uude
379 3017 475 3068 oriatur
487 3016 763 3081 plusquamperfectum
774 3015 966 3080 adprobavisset.

332 3105 474 3168 xlv,§ta.
496 3106 616 3157 iiortasse
633 3106 723 3156 Cicero
742 3104 893 3168 scripserat:
911 3116 986 3154 neum
1005 3103 1165 3154 Academicis
1176 3102 1257 3152 viarm
1268 3102 1372 3153 luctatio

299 3201 340 3244 est
348 3212 371 3243 a.
385 3194 466 3245 codd.
477 3194 539 3245 dant
550 3198 634 3254 rrncto,
646 3194 739 3249 iunctm
751 3192 880 3244 editiones
891 3192 994 3242 incerto.
1007 3217 1037 3228 -
1050 3191 1065 3254 5
1076 3192 1118 3242 tl.
1131 3191 1219 3242 Nonne
1231 3190 1323 3241 melius
1336 3190 1372 3240 le·

299 3292 421 3347 geneture
433 3303 443 3326 ι
457 3284 526 3347 quod
543 3296 560 3336 e
583 3283 679 3346 duplici
697 3296 794 3346 genero
811 3282 948 3345 voluptatis
958 3280 1108 3331 commistus
1119 3286 1155 3330 ert
1167 3300 1188 3339 r,
1201 3291 1277 3344 quam
1290 3292 1371 3329 scoo-

273 3354 277 3362 “
299 3375 398 3423 iunctus
409 3377 445 3423 ert
453 3371 485 3420 ri
496 3398 527 3409 -
538 3372 683 3435 Legebatur
694 3372 720 3421 iu
737 3371 851 3422 editione
864 3370 979 3434 principe
998 3377 1026 3421 et
1042 3369 1136 3420 deinde
1148 3368 1174 3417 in
1187 3368 1315 3432 plerisque
1328 3380 1369 3417 us-

299 3476 351 3527 qne
362 3463 394 3513 ad
405 3463 539 3513 Gruterum
549 3475 557 3522 3
569 3481 582 3507 «
591 3462 635 3512 nbi
646 3461 670 3513 si
681 3461 803 3512 memoria
815 3460 882 3511 iortc
894 3458 1033 3522 deiecerit,
1047 3464 1166 3509 turrmest
1176 3464 1205 3509 ut
1216 3470 1339 3521 suggeras
1346 3475 1369 3515 u,

299 3563 357 3614 quaa
368 3550 446 3601 verba
453 3551 548 3601 desunt
557 3550 584 3599 iu
595 3548 747 3600 melioribus
757 3548 901 3609 codicibus,
909 3546 953 3611 qni
965 3546 1062 3597 babent
1070 3559 1077 3594 z
1086 3562 1098 3589 o
1109 3545 1158 3595 nisi
1170 3544 1293 3597 memoria
1304 3543 1370 3596 iorte

299 3638 432 3689 deiecerit.
451 3638 603 3699 Honestum,
622 3643 693 3687 etc.»
707 3635 745 3685 ibi
757 3636 838 3686 latent
849 3634 959 3686 sortasse
970 3634 1079 3697 geminae
1090 3631 1277 3684 enunciationis
1290 3631 1371 3681 vesti-

299 3729 351 3791 gia.
363 3755 394 3765 -
405 3724 468 3790 §35-
489 3726 611 3778 Nonnulli
630 3725 734 3776 codices
752 3736 798 3774 seu
815 3725 930 3776 lacunam
942 3736 990 3778 seu
1009 3735 1098 3773 vocem
1122 3734 1168 3784 per
1190 3718 1369 3783 compendium

299 3817 421 3880 scriptam
441 3815 538 3866 babent
554 3815 622 3865 inter
637 3827 739 3864 causum
756 3820 784 3863 et
803 3812 906 3874 sadum,
921 3826 967 3875 pro
978 3824 1027 3874 qvia
1038 3812 1082 3861 aiii
1094 3810 1218 3861 exhibent
1228 3809 1371 3860 miscrimr·

299 3906 377 3968 Mam,
389 3905 432 3955 atii
443 3904 682 3959 misericordiarum,
694 3903 830 3966 legendum
843 3891 951 3952 fortasse
961 3916 969 3949 z
978 3919 989 3944 a
998 3900 1032 3951 ob
1043 3912 1101 3951 eam
1113 3910 1189 3949 uuam
1200 3909 1301 3948 causam
1313 3908 1371 3945 roo-

299 3995 369 4043 ximc
380 3993 475 4044 iaciunt
484 4013 506 4042 ι.
521 4018 546 4029 -
560 3992 647 4043 Monet
665 3991 818 4053 Madvigius,
836 3989 973 4042 conferens
985 3988 1069 4040 locuni
1081 3987 1113 4037 de
1126 3984 1174 4035 Off.
1188 3984 1207 4044 l,
1220 3985 1260 4046 ll,
1274 3982 1369 4034 clacile

297 4082 379 4132 totius
389 4082 448 4132 vite
458 4094 563 4132 cursum
575 4081 644 4131 videl
661 4080 694 4130 ad
712 4092 820 4143 eamque
831 4078 974 4142 degendam
987 4081 1111 4139 preparat
1122 4086 1165 4126 res
1178 4072 1336 4124 necessarias
1346 4092 1368 4134 r,

300 4168 460 4233 participium
471 4170 649 4233 mmegueutic,
666 4168 705 4219 vel
717 4168 785 4231 quod
797 4167 841 4217 dat
852 4167 933 4217 codex
947 4164 1050 4227 Mrlang.
1067 4175 1113 4214 seu
1126 4162 1155 4226 B,
1166 4161 1315 4226 praesentis,
1326 4174 1372 4210 su-

301 4270 455 4321 pervacuum
466 4270 541 4318 esse3
552 4257 616 4309 nibil
632 4258 702 4309 enirn
718 4268 783 4320 opus
798 4262 849 4313 cst,
866 4255 892 4304 iu
908 4260 976 4306 statu
988 4252 1057 4304 omni
1075 4252 1141 4313 vitae,
1154 4249 1234 4302 futuri
1250 4249 1372 4312 temporis

299 4345 496 4410 significatione.
509 4345 628 4398 Fortasse
637 4345 794 4408 legendnm:
808 4342 889 4392 urite
900 4341 1067 4394 mucculentis
1076 4362 1097 4390 ·.
1109 4365 1139 4380 ·-
1152 4340 1206 4391 Mon
1218 4339 1274 4390 dari
1286 4343 1372 4402 potest

1233 4442 1246 4486 t
