<?xml version="1.0" encoding="UTF-8"?>
<!DOCTYPE html PUBLIC "-//W3C//DTD XHTML 1.0 Transitional//EN"
    "http://www.w3.org/TR/xhtml1/DTD/xhtml1-transitional.dtd">
<html xmlns="http://www.w3.org/1999/xhtml" xml:lang="en" lang="en">
 <head>
  <title>
</title>
<meta http-equiv="Content-Type" content="text/html;charset=utf-8" />
  <meta name='ocr-system' content='tesseract 3.04.00' />
  <meta name='ocr-capabilities' content='ocr_page ocr_carea ocr_par ocr_line ocrx_word'/>
</head>
<body>
  <div class='ocr_page' id='page_1' title='image "./inciceronislibr00vaucgoog_0118.png"; bbox 0 0 3325 5159; ppageno 0'>
   <div class='ocr_carea' id='block_1_1' title="bbox 300 559 1149 633">
    <p class='ocr_par' dir='ltr' id='par_1_1' title="bbox 300 559 1149 633">
     <span class='ocr_line' id='line_1_1' title="bbox 300 559 1149 633; baseline -0.007 -13"><span class='ocrx_word' id='word_1_1' title='bbox 300 559 351 622; x_wconf 82' lang='lat' dir='ltr'><strong>tou</strong></span> <span class='ocrx_word' id='word_1_2' title='bbox 562 561 603 618; x_wconf 81' lang='lat' dir='ltr'><strong>ite</strong></span> <span class='ocrx_word' id='word_1_3' title='bbox 621 572 806 620; x_wconf 80' lang='lat' dir='ltr'><strong>nuumrnonu</strong></span> <span class='ocrx_word' id='word_1_4' title='bbox 826 561 863 632; x_wconf 89' lang='lat' dir='ltr'><strong>ii,</strong></span> <span class='ocrx_word' id='word_1_5' title='bbox 882 573 977 633; x_wconf 71' lang='lat' dir='ltr'><strong>run,</strong></span> <span class='ocrx_word' id='word_1_6' title='bbox 996 561 1090 624; x_wconf 76' lang='lat' dir='ltr'><strong>tusa</strong></span> <span class='ocrx_word' id='word_1_7' title='bbox 1145 609 1149 614; x_wconf 88' lang='lat'><strong>.</strong></span> 
     </span>
    </p>
   </div>
   <div class='ocr_carea' id='block_1_2' title="bbox 295 701 1361 4422">
    <p class='ocr_par' dir='ltr' id='par_1_2' title="bbox 295 701 1358 1559">
     <span class='ocr_line' id='line_1_2' title="bbox 296 701 1355 767; baseline 0.003 -12"><span class='ocrx_word' id='word_1_8' title='bbox 296 703 402 756; x_wconf 76' lang='lat' dir='ltr'>defuere</span> <span class='ocrx_word' id='word_1_9' title='bbox 419 702 557 767; x_wconf 72' lang='lat' dir='ltr'><strong>ingeniose</strong></span> <span class='ocrx_word' id='word_1_10' title='bbox 568 701 735 766; x_wconf 78' lang='lat' dir='ltr'><strong>conjecture,</strong></span> <span class='ocrx_word' id='word_1_11' title='bbox 751 714 807 766; x_wconf 85' lang='lat' dir='ltr'><strong>quae</strong></span> <span class='ocrx_word' id='word_1_12' title='bbox 820 708 904 754; x_wconf 85' lang='lat' dir='ltr'><strong>tamen</strong></span> <span class='ocrx_word' id='word_1_13' title='bbox 915 702 997 767; x_wconf 68' lang='lat' dir='ltr'><strong>magis</strong></span> <span class='ocrx_word' id='word_1_14' title='bbox 1007 715 1021 753; x_wconf 92' lang='lat' dir='ltr'><strong>a</strong></span> <span class='ocrx_word' id='word_1_15' title='bbox 1033 701 1152 754; x_wconf 88' lang='lat' dir='ltr'><strong>codicum</strong></span> <span class='ocrx_word' id='word_1_16' title='bbox 1161 702 1275 756; x_wconf 87' lang='lat' dir='ltr'><strong>lectione</strong></span> <span class='ocrx_word' id='word_1_17' title='bbox 1284 703 1355 758; x_wconf 63' lang='lat' dir='ltr'><strong>dwe-</strong></span> 
     </span>
     <span class='ocr_line' id='line_1_3' title="bbox 296 791 1353 860; baseline 0.004 -17"><span class='ocrx_word' id='word_1_18' title='bbox 296 800 368 854; x_wconf 88' lang='lat' dir='ltr'><strong>runt‚</strong></span> <span class='ocrx_word' id='word_1_19' title='bbox 388 805 462 857; x_wconf 81' lang='lat' dir='ltr'><strong>quem</strong></span> <span class='ocrx_word' id='word_1_20' title='bbox 485 800 513 844; x_wconf 91' lang='lat' dir='ltr'><strong>ut</strong></span> <span class='ocrx_word' id='word_1_21' title='bbox 532 791 670 856; x_wconf 79' lang='lat' dir='ltr'>prudenter</span> <span class='ocrx_word' id='word_1_22' title='bbox 687 793 869 854; x_wconf 73' lang='lat' dir='ltr'><strong>admittantur3</strong></span> <span class='ocrx_word' id='word_1_23' title='bbox 892 792 1012 857; x_wconf 83' lang='lat' dir='ltr'><strong>equidem</strong></span> <span class='ocrx_word' id='word_1_24' title='bbox 1028 793 1166 858; x_wconf 70' lang='lat' dir='ltr'><strong>legendum</strong></span> <span class='ocrx_word' id='word_1_25' title='bbox 1178 806 1240 846; x_wconf 81' lang='lat' dir='ltr'><strong>esse</strong></span> <span class='ocrx_word' id='word_1_26' title='bbox 1251 796 1353 860; x_wconf 87' lang='lat' dir='ltr'><strong>opinor:</strong></span> 
     </span>
     <span class='ocr_line' id='line_1_4' title="bbox 295 882 1355 950; baseline 0.006 -18"><span class='ocrx_word' id='word_1_27' title='bbox 295 901 307 926; x_wconf 75' lang='lat' dir='ltr'><strong>o</strong></span> <span class='ocrx_word' id='word_1_28' title='bbox 322 882 348 932; x_wconf 93' lang='lat' dir='ltr'><strong>in</strong></span> <span class='ocrx_word' id='word_1_29' title='bbox 359 882 520 935; x_wconf 80' lang='lat' dir='ltr'><strong>aoiiicitudtue</strong></span> <span class='ocrx_word' id='word_1_30' title='bbox 532 882 706 946; x_wconf 66' lang='lat' dir='ltr'><strong>egyptiorum</strong></span> <span class='ocrx_word' id='word_1_31' title='bbox 720 902 742 944; x_wconf 73' lang='lat' dir='ltr'><strong>r,</strong></span> <span class='ocrx_word' id='word_1_32' title='bbox 754 883 874 946; x_wconf 87' lang='lat' dir='ltr'><strong>quoniam</strong></span> <span class='ocrx_word' id='word_1_33' title='bbox 882 882 1087 948; x_wconf 73' lang='lat' dir='ltr'><strong>etotemaeiregts</strong></span> <span class='ocrx_word' id='word_1_34' title='bbox 1093 883 1355 950; x_wconf 67' lang='lat' dir='ltr'><strong>nummorumluetu</strong></span> 
     </span>
     <span class='ocr_line' id='line_1_5' title="bbox 298 971 1355 1035; baseline 0.002 -13"><span class='ocrx_word' id='word_1_35' title='bbox 298 980 350 1022; x_wconf 90' lang='lat' dir='ltr'><strong>tum</strong></span> <span class='ocrx_word' id='word_1_36' title='bbox 362 971 474 1035; x_wconf 86' lang='lat' dir='ltr'><strong>Pompeii</strong></span> <span class='ocrx_word' id='word_1_37' title='bbox 486 971 567 1035; x_wconf 89' lang='lat' dir='ltr'><strong>ipsius</strong></span> <span class='ocrx_word' id='word_1_38' title='bbox 577 972 768 1034; x_wconf 84' lang='lat' dir='ltr'><strong>auctoritatem,</strong></span> <span class='ocrx_word' id='word_1_39' title='bbox 788 978 842 1022; x_wconf 88' lang='lat' dir='ltr'><strong>tum</strong></span> <span class='ocrx_word' id='word_1_40' title='bbox 860 971 964 1022; x_wconf 72' lang='lat' dir='ltr'><strong>Cereris</strong></span> <span class='ocrx_word' id='word_1_41' title='bbox 983 971 1087 1022; x_wconf 85' lang='lat' dir='ltr'><strong>uictoris</strong></span> <span class='ocrx_word' id='word_1_42' title='bbox 1097 971 1163 1023; x_wconf 76' lang='lat' dir='ltr'><strong>imm</strong></span> <span class='ocrx_word' id='word_1_43' title='bbox 1175 974 1355 1033; x_wconf 73' lang='lat' dir='ltr'><strong>metuentium,</strong></span> 
     </span>
     <span class='ocr_line' id='line_1_6' title="bbox 297 1059 1356 1126; baseline 0.004 -16"><span class='ocrx_word' id='word_1_44' title='bbox 297 1062 396 1112; x_wconf 86' lang='lat' dir='ltr'><strong>occisus</strong></span> <span class='ocrx_word' id='word_1_45' title='bbox 406 1059 453 1110; x_wconf 86' lang='lat' dir='ltr'><strong>init</strong></span> <span class='ocrx_word' id='word_1_46' title='bbox 466 1061 607 1124; x_wconf 80' lang='lat' dir='ltr'><strong>Pompeius.</strong></span> <span class='ocrx_word' id='word_1_47' title='bbox 622 1089 651 1097; x_wconf 97' lang='lat'>-</span> <span class='ocrx_word' id='word_1_48' title='bbox 663 1062 675 1124; x_wconf 73' lang='lat' dir='ltr'><strong>t</strong></span> <span class='ocrx_word' id='word_1_49' title='bbox 686 1060 725 1111; x_wconf 76' lang='lat' dir='ltr'><strong>ut.</strong></span> <span class='ocrx_word' id='word_1_50' title='bbox 739 1061 792 1112; x_wconf 78' lang='lat' dir='ltr'><strong>iton</strong></span> <span class='ocrx_word' id='word_1_51' title='bbox 804 1060 871 1112; x_wconf 90' lang='lat' dir='ltr'><strong>bene</strong></span> <span class='ocrx_word' id='word_1_52' title='bbox 888 1060 1086 1123; x_wconf 78' lang='lat' dir='ltr'><strong>comptioribus</strong></span> <span class='ocrx_word' id='word_1_53' title='bbox 1104 1067 1261 1124; x_wconf 83' lang='lat' dir='ltr'><strong>nectuntur,</strong></span> <span class='ocrx_word' id='word_1_54' title='bbox 1281 1062 1356 1126; x_wconf 68' lang='lat' dir='ltr'><strong>perti</strong></span> 
     </span>
     <span class='ocr_line' id='line_1_7' title="bbox 297 1149 1358 1216; baseline 0.004 -17"><span class='ocrx_word' id='word_1_55' title='bbox 297 1150 360 1200; x_wconf 86' lang='lat' dir='ltr'><strong>cuiae</strong></span> <span class='ocrx_word' id='word_1_56' title='bbox 371 1164 428 1198; x_wconf 80' lang='lat' dir='ltr'><strong>nom</strong></span> <span class='ocrx_word' id='word_1_57' title='bbox 440 1162 504 1212; x_wconf 90' lang='lat' dir='ltr'><strong>ope,</strong></span> <span class='ocrx_word' id='word_1_58' title='bbox 517 1163 546 1199; x_wconf 80' lang='lat' dir='ltr'><strong>ee</strong></span> <span class='ocrx_word' id='word_1_59' title='bbox 558 1164 614 1213; x_wconf 85' lang='lat' dir='ltr'><strong>quae</strong></span> <span class='ocrx_word' id='word_1_60' title='bbox 623 1150 648 1201; x_wconf 91' lang='lat' dir='ltr'><strong>in</strong></span> <span class='ocrx_word' id='word_1_61' title='bbox 661 1151 727 1213; x_wconf 66' lang='lat' dir='ltr'><strong>troci</strong></span> <span class='ocrx_word' id='word_1_62' title='bbox 740 1150 873 1216; x_wconf 74' lang='lat' dir='ltr'><strong>leguntur3</strong></span> <span class='ocrx_word' id='word_1_63' title='bbox 886 1150 954 1200; x_wconf 91' lang='lat' dir='ltr'><strong>nuiia</strong></span> <span class='ocrx_word' id='word_1_64' title='bbox 965 1150 1033 1201; x_wconf 91' lang='lat' dir='ltr'><strong>enim</strong></span> <span class='ocrx_word' id='word_1_65' title='bbox 1041 1149 1193 1215; x_wconf 76' lang='lat' dir='ltr'><strong>intelligitur</strong></span> <span class='ocrx_word' id='word_1_66' title='bbox 1199 1163 1358 1216; x_wconf 82' lang='lat' dir='ltr'><strong>consequen·</strong></span> 
     </span>
     <span class='ocr_line' id='line_1_8' title="bbox 298 1239 1357 1306; baseline 0.002 -16"><span class='ocrx_word' id='word_1_67' title='bbox 298 1240 348 1301; x_wconf 82' lang='lat' dir='ltr'><strong>tie;</strong></span> <span class='ocrx_word' id='word_1_68' title='bbox 360 1241 445 1304; x_wconf 82' lang='lat' dir='ltr'><strong>itaque</strong></span> <span class='ocrx_word' id='word_1_69' title='bbox 457 1239 538 1304; x_wconf 78' lang='lat' dir='ltr'><strong>tegam</strong></span> <span class='ocrx_word' id='word_1_70' title='bbox 553 1255 559 1288; x_wconf 82' lang='lat' dir='ltr'><strong><em>z</em></strong></span> <span class='ocrx_word' id='word_1_71' title='bbox 575 1260 584 1282; x_wconf 81' lang='grc' dir='ltr'>ι</span> <span class='ocrx_word' id='word_1_72' title='bbox 599 1240 651 1290; x_wconf 84' lang='lat' dir='ltr'><strong>iam</strong></span> <span class='ocrx_word' id='word_1_73' title='bbox 663 1239 725 1290; x_wconf 88' lang='lat' dir='ltr'><strong>iilud</strong></span> <span class='ocrx_word' id='word_1_74' title='bbox 736 1240 839 1305; x_wconf 84' lang='lat' dir='ltr'><strong>quidem</strong></span> <span class='ocrx_word' id='word_1_75' title='bbox 851 1240 902 1292; x_wconf 90' lang='lat' dir='ltr'><strong>dici</strong></span> <span class='ocrx_word' id='word_1_76' title='bbox 913 1247 964 1291; x_wconf 89' lang='lat' dir='ltr'><strong>etc.</strong></span> <span class='ocrx_word' id='word_1_77' title='bbox 979 1260 990 1284; x_wconf 72' lang='grc' dir='ltr'>ι</span> <span class='ocrx_word' id='word_1_78' title='bbox 1003 1267 1034 1278; x_wconf 90' lang='grc'>-</span> <span class='ocrx_word' id='word_1_79' title='bbox 1050 1239 1182 1292; x_wconf 81' lang='lat' dir='ltr'><strong>incisum:</strong></span> <span class='ocrx_word' id='word_1_80' title='bbox 1195 1259 1209 1286; x_wconf 75' lang='grc' dir='ltr'><strong>α</strong></span> <span class='ocrx_word' id='word_1_81' title='bbox 1222 1253 1273 1292; x_wconf 86' lang='lat' dir='ltr'><strong>non</strong></span> <span class='ocrx_word' id='word_1_82' title='bbox 1285 1241 1357 1306; x_wconf 76' lang='lat' dir='ltr'><strong>ipitur</strong></span> 
     </span>
     <span class='ocr_line' id='line_1_9' title="bbox 297 1328 1358 1392; baseline 0.004 -14"><span class='ocrx_word' id='word_1_83' title='bbox 297 1328 386 1381; x_wconf 87' lang='lat' dir='ltr'><strong>iataies</strong></span> <span class='ocrx_word' id='word_1_84' title='bbox 407 1330 491 1380; x_wconf 83' lang='lat' dir='ltr'><strong>exitus</strong></span> <span class='ocrx_word' id='word_1_85' title='bbox 504 1330 648 1381; x_wconf 84' lang='lat' dir='ltr'><strong>babuerunt</strong></span> <span class='ocrx_word' id='word_1_86' title='bbox 661 1350 687 1392; x_wconf 77' lang='grc' dir='ltr'><strong>ι,</strong></span> <span class='ocrx_word' id='word_1_87' title='bbox 707 1331 818 1381; x_wconf 88' lang='lat' dir='ltr'><strong>aiienum</strong></span> <span class='ocrx_word' id='word_1_88' title='bbox 834 1330 867 1380; x_wconf 91' lang='lat' dir='ltr'><strong>ab</strong></span> <span class='ocrx_word' id='word_1_89' title='bbox 884 1329 1007 1381; x_wconf 87' lang='lat' dir='ltr'><strong>orationis</strong></span> <span class='ocrx_word' id='word_1_90' title='bbox 1025 1328 1094 1380; x_wconf 88' lang='lat' dir='ltr'><strong>serie</strong></span> <span class='ocrx_word' id='word_1_91' title='bbox 1112 1328 1232 1390; x_wconf 63' lang='lat' dir='ltr'><strong>videtum</strong></span> <span class='ocrx_word' id='word_1_92' title='bbox 1251 1330 1358 1382; x_wconf 79' lang='lat' dir='ltr'><strong>noudum</strong></span> 
     </span>
     <span class='ocr_line' id='line_1_10' title="bbox 296 1418 1358 1484; baseline 0.002 -16"><span class='ocrx_word' id='word_1_93' title='bbox 296 1418 364 1468; x_wconf 91' lang='lat' dir='ltr'><strong>enim</strong></span> <span class='ocrx_word' id='word_1_94' title='bbox 376 1425 537 1481; x_wconf 84' lang='lat' dir='ltr'><strong>exspectatur</strong></span> <span class='ocrx_word' id='word_1_95' title='bbox 549 1419 695 1482; x_wconf 90' lang='lat' dir='ltr'><strong>conciusio;</strong></span> <span class='ocrx_word' id='word_1_96' title='bbox 714 1420 760 1474; x_wconf 91' lang='lat' dir='ltr'><strong>sed</strong></span> <span class='ocrx_word' id='word_1_97' title='bbox 779 1419 827 1471; x_wconf 88' lang='lat' dir='ltr'><strong>boc</strong></span> <span class='ocrx_word' id='word_1_98' title='bbox 846 1419 970 1470; x_wconf 88' lang='lat' dir='ltr'><strong>emblema</strong></span> <span class='ocrx_word' id='word_1_99' title='bbox 986 1418 1091 1470; x_wconf 83' lang='lat' dir='ltr'><strong>adduxit</strong></span> <span class='ocrx_word' id='word_1_100' title='bbox 1102 1419 1271 1471; x_wconf 72' lang='lat' dir='ltr'><strong>mutationem</strong></span> <span class='ocrx_word' id='word_1_101' title='bbox 1283 1419 1358 1484; x_wconf 87' lang='lat' dir='ltr'><strong>parti-</strong></span> 
     </span>
     <span class='ocr_line' id='line_1_11' title="bbox 297 1507 579 1559; baseline -0.004 -1"><span class='ocrx_word' id='word_1_102' title='bbox 297 1507 360 1558; x_wconf 85' lang='lat' dir='ltr'><strong>eniae</strong></span> <span class='ocrx_word' id='word_1_103' title='bbox 372 1508 474 1558; x_wconf 80' lang='lat' dir='ltr'><strong>enimin</strong></span> <span class='ocrx_word' id='word_1_104' title='bbox 487 1513 579 1559; x_wconf 80' lang='lat' dir='ltr'><strong>autem.</strong></span> 
     </span>
    </p>

    <p class='ocr_par' dir='ltr' id='par_1_3' title="bbox 296 1596 1357 1843">
     <span class='ocr_line' id='line_1_12' title="bbox 330 1596 1357 1663; baseline 0.004 -17"><span class='ocrx_word' id='word_1_105' title='bbox 330 1596 407 1660; x_wconf 85' lang='lat' dir='ltr'><strong>iii-ii,</strong></span> <span class='ocrx_word' id='word_1_106' title='bbox 421 1597 449 1661; x_wconf 70' lang='lat'><strong>§5</strong></span> <span class='ocrx_word' id='word_1_107' title='bbox 461 1597 548 1648; x_wconf 60' lang='lat'><strong>2425.</strong></span> <span class='ocrx_word' id='word_1_108' title='bbox 562 1597 690 1656; x_wconf 88' lang='lat' dir='ltr'><strong>Baiterus‚</strong></span> <span class='ocrx_word' id='word_1_109' title='bbox 704 1599 729 1647; x_wconf 93' lang='lat' dir='ltr'><strong>in</strong></span> <span class='ocrx_word' id='word_1_110' title='bbox 742 1598 784 1650; x_wconf 89' lang='lat' dir='ltr'><strong>ed.</strong></span> <span class='ocrx_word' id='word_1_111' title='bbox 798 1599 867 1663; x_wconf 89' lang='lat' dir='ltr'><strong>Lips.</strong></span> <span class='ocrx_word' id='word_1_112' title='bbox 880 1598 1011 1663; x_wconf 70' lang='lat' dir='ltr'><strong>additque,</strong></span> <span class='ocrx_word' id='word_1_113' title='bbox 1024 1598 1092 1648; x_wconf 90' lang='lat' dir='ltr'><strong>inter</strong></span> <span class='ocrx_word' id='word_1_114' title='bbox 1103 1598 1248 1663; x_wconf 76' lang='lat' dir='ltr'><strong>horuspices</strong></span> <span class='ocrx_word' id='word_1_115' title='bbox 1259 1607 1287 1650; x_wconf 90' lang='lat' dir='ltr'><strong>et</strong></span> <span class='ocrx_word' id='word_1_116' title='bbox 1296 1613 1357 1659; x_wconf 73' lang='lat' dir='ltr'><strong>atur,</strong></span> 
     </span>
     <span class='ocr_line' id='line_1_13' title="bbox 296 1687 1357 1754; baseline 0.004 -17"><span class='ocrx_word' id='word_1_117' title='bbox 296 1696 322 1738; x_wconf 90' lang='lat' dir='ltr'><strong>et</strong></span> <span class='ocrx_word' id='word_1_118' title='bbox 333 1687 458 1752; x_wconf 79' lang='lat' dir='ltr'><strong>Madvigio</strong></span> <span class='ocrx_word' id='word_1_119' title='bbox 473 1697 577 1740; x_wconf 88' lang='lat' dir='ltr'><strong>anctore</strong></span> <span class='ocrx_word' id='word_1_120' title='bbox 594 1689 642 1753; x_wconf 85' lang='lat' dir='ltr'><strong>(ad</strong></span> <span class='ocrx_word' id='word_1_121' title='bbox 654 1690 705 1740; x_wconf 87' lang='lat' dir='ltr'><strong>Cic.</strong></span> <span class='ocrx_word' id='word_1_122' title='bbox 718 1691 752 1740; x_wconf 92' lang='lat' dir='ltr'><strong>de</strong></span> <span class='ocrx_word' id='word_1_123' title='bbox 765 1690 839 1740; x_wconf 85' lang='lat' dir='ltr'><strong>Finn.</strong></span> <span class='ocrx_word' id='word_1_124' title='bbox 853 1704 878 1754; x_wconf 92' lang='lat' dir='ltr'><strong>p.</strong></span> <span class='ocrx_word' id='word_1_125' title='bbox 890 1690 954 1752; x_wconf 84' lang='grc'>690)</span> <span class='ocrx_word' id='word_1_126' title='bbox 965 1689 1028 1753; x_wconf 81' lang='lat' dir='ltr'><strong>iegit</strong></span> <span class='ocrx_word' id='word_1_127' title='bbox 1046 1710 1056 1731; x_wconf 75' lang='grc' dir='ltr'><strong><em>ι</em></strong></span> <span class='ocrx_word' id='word_1_128' title='bbox 1069 1688 1208 1746; x_wconf 87' lang='lat' dir='ltr'><strong>dixerunt,</strong></span> <span class='ocrx_word' id='word_1_129' title='bbox 1221 1690 1319 1741; x_wconf 88' lang='lat' dir='ltr'><strong>addunt</strong></span> <span class='ocrx_word' id='word_1_130' title='bbox 1328 1690 1357 1741; x_wconf 82' lang='lat' dir='ltr'><strong>td</strong></span> 
     </span>
     <span class='ocr_line' id='line_1_14' title="bbox 296 1777 1356 1843; baseline 0.001 -18"><span class='ocrx_word' id='word_1_131' title='bbox 296 1783 446 1827; x_wconf 83' lang='lat' dir='ltr'><strong>extremum.</strong></span> <span class='ocrx_word' id='word_1_132' title='bbox 455 1813 460 1824; x_wconf 93' lang='lat'><strong>.</strong></span> <span class='ocrx_word' id='word_1_133' title='bbox 470 1815 475 1826; x_wconf 93' lang='lat'><strong>.</strong></span> <span class='ocrx_word' id='word_1_134' title='bbox 487 1777 580 1827; x_wconf 88' lang='lat' dir='ltr'><strong>divinis</strong></span> <span class='ocrx_word' id='word_1_135' title='bbox 589 1777 768 1841; x_wconf 74' lang='lat' dir='ltr'><strong>pronuntiet»</strong></span> <span class='ocrx_word' id='word_1_136' title='bbox 782 1777 1156 1843; x_wconf 69' lang='lat' dir='ltr'><strong>subiutointerrogundisigno</strong></span> <span class='ocrx_word' id='word_1_137' title='bbox 1169 1785 1229 1841; x_wconf 89' lang='lat' dir='ltr'><strong>post</strong></span> <span class='ocrx_word' id='word_1_138' title='bbox 1235 1778 1356 1828; x_wconf 71' lang='lat' dir='ltr'><strong>dixerunt.</strong></span> 
     </span>
    </p>

    <p class='ocr_par' dir='ltr' id='par_1_4' title="bbox 297 1865 1356 2019">
     <span class='ocr_line' id='line_1_15' title="bbox 328 1865 1356 1929; baseline 0.001 -14"><span class='ocrx_word' id='word_1_139' title='bbox 328 1866 369 1924; x_wconf 91' lang='lat' dir='ltr'><strong>iii,</strong></span> <span class='ocrx_word' id='word_1_140' title='bbox 382 1866 394 1928; x_wconf 82' lang='lat'>§</span> <span class='ocrx_word' id='word_1_141' title='bbox 405 1865 445 1916; x_wconf 77' lang='lat'><strong>26.</strong></span> <span class='ocrx_word' id='word_1_142' title='bbox 457 1865 539 1915; x_wconf 83' lang='lat' dir='ltr'><strong>Verba</strong></span> <span class='ocrx_word' id='word_1_143' title='bbox 553 1881 559 1914; x_wconf 89' lang='lat'>:</span> <span class='ocrx_word' id='word_1_144' title='bbox 580 1885 592 1910; x_wconf 70' lang='grc' dir='ltr'><em>α</em></span> <span class='ocrx_word' id='word_1_145' title='bbox 605 1873 648 1916; x_wconf 90' lang='lat' dir='ltr'><strong>aut</strong></span> <span class='ocrx_word' id='word_1_146' title='bbox 665 1874 784 1929; x_wconf 90' lang='lat' dir='ltr'><strong>acceptos</strong></span> <span class='ocrx_word' id='word_1_147' title='bbox 797 1885 810 1912; x_wconf 73' lang='lat' dir='ltr'><strong>o</strong></span> <span class='ocrx_word' id='word_1_148' title='bbox 823 1866 915 1918; x_wconf 89' lang='lat' dir='ltr'><strong>merito</strong></span> <span class='ocrx_word' id='word_1_149' title='bbox 928 1872 1045 1929; x_wconf 91' lang='lat' dir='ltr'><strong>suspecta</strong></span> <span class='ocrx_word' id='word_1_150' title='bbox 1065 1866 1117 1914; x_wconf 84' lang='lat' dir='ltr'><strong>visa</strong></span> <span class='ocrx_word' id='word_1_151' title='bbox 1136 1873 1197 1915; x_wconf 89' lang='lat' dir='ltr'><strong>sunt</strong></span> <span class='ocrx_word' id='word_1_152' title='bbox 1209 1865 1318 1927; x_wconf 85' lang='lat' dir='ltr'><strong>Ratbio;</strong></span> <span class='ocrx_word' id='word_1_153' title='bbox 1329 1877 1356 1916; x_wconf 81' lang='lat' dir='ltr'><strong>ea</strong></span> 
     </span>
     <span class='ocr_line' id='line_1_16' title="bbox 297 1953 896 2019; baseline 0.002 -15"><span class='ocrx_word' id='word_1_154' title='bbox 297 1953 402 2004; x_wconf 84' lang='lat' dir='ltr'><strong>seclusit</strong></span> <span class='ocrx_word' id='word_1_155' title='bbox 414 1955 505 2005; x_wconf 83' lang='lat' dir='ltr'><strong>Baiter.</strong></span> <span class='ocrx_word' id='word_1_156' title='bbox 518 1955 544 2004; x_wconf 93' lang='lat' dir='ltr'><strong>in</strong></span> <span class='ocrx_word' id='word_1_157' title='bbox 557 1956 598 2005; x_wconf 90' lang='lat' dir='ltr'><strong>ed.</strong></span> <span class='ocrx_word' id='word_1_158' title='bbox 612 1956 681 2019; x_wconf 89' lang='lat' dir='ltr'><strong>Lips.</strong></span> <span class='ocrx_word' id='word_1_159' title='bbox 694 1953 765 2006; x_wconf 83' lang='lat' dir='ltr'><strong>coni.</strong></span> <span class='ocrx_word' id='word_1_160' title='bbox 780 1956 803 2017; x_wconf 87' lang='lat' dir='ltr'><strong>i,</strong></span> <span class='ocrx_word' id='word_1_161' title='bbox 820 1956 896 2018; x_wconf 80' lang='lat' dir='ltr'><strong>§itu</strong></span> 
     </span>
    </p>

    <p class='ocr_par' dir='ltr' id='par_1_5' title="bbox 295 2042 1361 2724">
     <span class='ocr_line' id='line_1_17' title="bbox 326 2042 1358 2111; baseline 0.004 -19"><span class='ocrx_word' id='word_1_162' title='bbox 326 2043 379 2105; x_wconf 82' lang='lat' dir='ltr'><strong>itti,</strong></span> <span class='ocrx_word' id='word_1_163' title='bbox 392 2044 404 2106; x_wconf 66' lang='grc' dir='ltr'><strong>ξ</strong></span> <span class='ocrx_word' id='word_1_164' title='bbox 415 2042 455 2094; x_wconf 67' lang='lat'><strong>29.</strong></span> <span class='ocrx_word' id='word_1_165' title='bbox 477 2044 513 2094; x_wconf 85' lang='lat' dir='ltr'><strong>Ex</strong></span> <span class='ocrx_word' id='word_1_166' title='bbox 533 2044 692 2107; x_wconf 80' lang='lat' dir='ltr'><strong>proximitate</strong></span> <span class='ocrx_word' id='word_1_167' title='bbox 712 2053 738 2095; x_wconf 93' lang='lat' dir='ltr'><strong>et</strong></span> <span class='ocrx_word' id='word_1_168' title='bbox 755 2046 921 2097; x_wconf 81' lang='lat' dir='ltr'><strong>similitudine</strong></span> <span class='ocrx_word' id='word_1_169' title='bbox 943 2059 1032 2097; x_wconf 84' lang='lat' dir='ltr'><strong>uocum</strong></span> <span class='ocrx_word' id='word_1_170' title='bbox 1044 2048 1115 2111; x_wconf 80' lang='lat' dir='ltr'><strong>cipue</strong></span> <span class='ocrx_word' id='word_1_171' title='bbox 1127 2051 1154 2096; x_wconf 92' lang='lat' dir='ltr'><strong>et</strong></span> <span class='ocrx_word' id='word_1_172' title='bbox 1166 2046 1238 2110; x_wconf 83' lang='lat' dir='ltr'><strong>otpur&#39;</strong></span> <span class='ocrx_word' id='word_1_173' title='bbox 1250 2053 1308 2097; x_wconf 83' lang='lat' dir='ltr'><strong>orta</strong></span> <span class='ocrx_word' id='word_1_174' title='bbox 1320 2053 1358 2096; x_wconf 88' lang='lat' dir='ltr'><strong>est</strong></span> 
     </span>
     <span class='ocr_line' id='line_1_18' title="bbox 297 2132 1359 2198; baseline 0.004 -17"><span class='ocrx_word' id='word_1_175' title='bbox 297 2132 413 2183; x_wconf 89' lang='lat' dir='ltr'><strong>iectionis</strong></span> <span class='ocrx_word' id='word_1_176' title='bbox 430 2133 536 2196; x_wconf 80' lang='lat' dir='ltr'><strong>vulgatae</strong></span> <span class='ocrx_word' id='word_1_177' title='bbox 551 2133 683 2190; x_wconf 77' lang='lat' dir='ltr'><strong>contusio:</strong></span> <span class='ocrx_word' id='word_1_178' title='bbox 704 2141 809 2197; x_wconf 86' lang='lat' dir='ltr'><strong>utraque</strong></span> <span class='ocrx_word' id='word_1_179' title='bbox 825 2135 950 2186; x_wconf 84' lang='lat' dir='ltr'><strong>seruanda</strong></span> <span class='ocrx_word' id='word_1_180' title='bbox 970 2141 1018 2196; x_wconf 87' lang='lat' dir='ltr'><strong>est,</strong></span> <span class='ocrx_word' id='word_1_181' title='bbox 1039 2133 1165 2185; x_wconf 83' lang='lat' dir='ltr'><strong>vixerim</strong></span> <span class='ocrx_word' id='word_1_182' title='bbox 1184 2135 1256 2198; x_wconf 85' lang='lat' dir='ltr'><strong>utput</strong></span> <span class='ocrx_word' id='word_1_183' title='bbox 1269 2133 1359 2184; x_wconf 84' lang='lat' dir='ltr'><strong>abesse</strong></span> 
     </span>
     <span class='ocr_line' id='line_1_19' title="bbox 298 2221 1360 2286; baseline 0.002 -16"><span class='ocrx_word' id='word_1_184' title='bbox 298 2227 390 2283; x_wconf 87' lang='lat' dir='ltr'><strong>potest,</strong></span> <span class='ocrx_word' id='word_1_185' title='bbox 402 2228 461 2271; x_wconf 81' lang='lat' dir='ltr'><strong>unte</strong></span> <span class='ocrx_word' id='word_1_186' title='bbox 473 2239 486 2266; x_wconf 76' lang='grc' dir='ltr'><strong><em>κ</em></strong></span> <span class='ocrx_word' id='word_1_187' title='bbox 499 2235 556 2271; x_wconf 89' lang='lat' dir='ltr'><strong>cnm</strong></span> <span class='ocrx_word' id='word_1_188' title='bbox 568 2235 653 2272; x_wconf 90' lang='lat' dir='ltr'><strong>rerum</strong></span> <span class='ocrx_word' id='word_1_189' title='bbox 664 2229 753 2272; x_wconf 88' lang='lat' dir='ltr'><strong>natura</strong></span> <span class='ocrx_word' id='word_1_190' title='bbox 768 2243 790 2285; x_wconf 77' lang='grc' dir='ltr'><strong>ι,</strong></span> <span class='ocrx_word' id='word_1_191' title='bbox 804 2230 832 2273; x_wconf 89' lang='lat' dir='ltr'><strong>ut</strong></span> <span class='ocrx_word' id='word_1_192' title='bbox 844 2235 993 2286; x_wconf 87' lang='lat' dir='ltr'><strong>responsum</strong></span> <span class='ocrx_word' id='word_1_193' title='bbox 1007 2222 1134 2273; x_wconf 86' lang='lat' dir='ltr'><strong>indicetur</strong></span> <span class='ocrx_word' id='word_1_194' title='bbox 1144 2235 1191 2272; x_wconf 89' lang='lat' dir='ltr'><strong>sen</strong></span> <span class='ocrx_word' id='word_1_195' title='bbox 1203 2221 1360 2272; x_wconf 78' lang='lat' dir='ltr'><strong>eontrarium</strong></span> 
     </span>
     <span class='ocr_line' id='line_1_20' title="bbox 296 2310 1361 2377; baseline 0.004 -18"><span class='ocrx_word' id='word_1_196' title='bbox 296 2317 481 2373; x_wconf 81' lang='lat' dir='ltr'><strong>argumentum.</strong></span> <span class='ocrx_word' id='word_1_197' title='bbox 494 2339 524 2347; x_wconf 94' lang='lat'>—</span> <span class='ocrx_word' id='word_1_198' title='bbox 536 2310 631 2374; x_wconf 88' lang='lat' dir='ltr'><strong>Opinor</strong></span> <span class='ocrx_word' id='word_1_199' title='bbox 642 2312 777 2376; x_wconf 79' lang='lat' dir='ltr'><strong>tegendum</strong></span> <span class='ocrx_word' id='word_1_200' title='bbox 790 2326 848 2364; x_wconf 88' lang='lat' dir='ltr'><strong>esse</strong></span> <span class='ocrx_word' id='word_1_201' title='bbox 861 2329 868 2361; x_wconf 81' lang='lat' dir='ltr'><strong>t</strong></span> <span class='ocrx_word' id='word_1_202' title='bbox 884 2333 893 2355; x_wconf 81' lang='grc' dir='ltr'>ι</span> <span class='ocrx_word' id='word_1_203' title='bbox 908 2312 969 2377; x_wconf 89' lang='lat' dir='ltr'><strong>quid</strong></span> <span class='ocrx_word' id='word_1_204' title='bbox 982 2313 1076 2363; x_wconf 89' lang='lat' dir='ltr'><strong>habent</strong></span> <span class='ocrx_word' id='word_1_205' title='bbox 1088 2313 1137 2363; x_wconf 87' lang='lat' dir='ltr'><strong>teie</strong></span> <span class='ocrx_word' id='word_1_206' title='bbox 1150 2312 1218 2377; x_wconf 85' lang='lat' dir='ltr'><strong>qnod</strong></span> <span class='ocrx_word' id='word_1_207' title='bbox 1230 2312 1361 2363; x_wconf 82' lang='lat' dir='ltr'><strong>declarare</strong></span> 
     </span>
     <span class='ocr_line' id='line_1_21' title="bbox 298 2395 1360 2462; baseline 0.005 -19"><span class='ocrx_word' id='word_1_208' title='bbox 298 2395 414 2455; x_wconf 82' lang='lat' dir='ltr'><strong>possit»,</strong></span> <span class='ocrx_word' id='word_1_209' title='bbox 428 2408 474 2458; x_wconf 91' lang='lat' dir='ltr'><strong>pro</strong></span> <span class='ocrx_word' id='word_1_210' title='bbox 486 2395 553 2459; x_wconf 80' lang='lat' dir='ltr'><strong>uuig.</strong></span> <span class='ocrx_word' id='word_1_211' title='bbox 569 2417 579 2440; x_wconf 76' lang='grc' dir='ltr'>ι</span> <span class='ocrx_word' id='word_1_212' title='bbox 593 2395 653 2459; x_wconf 90' lang='lat' dir='ltr'><strong>qnid</strong></span> <span class='ocrx_word' id='word_1_213' title='bbox 666 2396 744 2448; x_wconf 89' lang='lat' dir='ltr'><strong>babet</strong></span> <span class='ocrx_word' id='word_1_214' title='bbox 754 2397 877 2448; x_wconf 78' lang='lat' dir='ltr'><strong>naturaie.</strong></span> <span class='ocrx_word' id='word_1_215' title='bbox 889 2416 902 2443; x_wconf 69' lang='grc' dir='ltr'><strong><em>ι</em></strong></span> <span class='ocrx_word' id='word_1_216' title='bbox 915 2398 1027 2449; x_wconf 87' lang='lat' dir='ltr'><strong>iiictzins</strong></span> <span class='ocrx_word' id='word_1_217' title='bbox 1038 2398 1155 2462; x_wconf 76' lang='lat' dir='ltr'><strong>scripsit:</strong></span> <span class='ocrx_word' id='word_1_218' title='bbox 1169 2412 1218 2462; x_wconf 78' lang='lat' dir='ltr'><strong>«q.</strong></span> <span class='ocrx_word' id='word_1_219' title='bbox 1232 2397 1360 2448; x_wconf 73' lang='lat' dir='ltr'><strong>innatum</strong></span> 
     </span>
     <span class='ocr_line' id='line_1_22' title="bbox 295 2482 1358 2549; baseline 0.003 -18"><span class='ocrx_word' id='word_1_220' title='bbox 295 2482 343 2533; x_wconf 85' lang='lat' dir='ltr'><strong>tute</strong></span> <span class='ocrx_word' id='word_1_221' title='bbox 357 2498 384 2544; x_wconf 75' lang='lat'><strong>»;</strong></span> <span class='ocrx_word' id='word_1_222' title='bbox 398 2496 444 2533; x_wconf 80' lang='lat' dir='ltr'><strong>uon</strong></span> <span class='ocrx_word' id='word_1_223' title='bbox 457 2487 555 2543; x_wconf 78' lang='lat' dir='ltr'><strong>aetrno,</strong></span> <span class='ocrx_word' id='word_1_224' title='bbox 566 2484 605 2534; x_wconf 88' lang='lat' dir='ltr'><strong>rei</strong></span> <span class='ocrx_word' id='word_1_225' title='bbox 617 2498 704 2536; x_wconf 90' lang='lat' dir='ltr'><strong>errore</strong></span> <span class='ocrx_word' id='word_1_226' title='bbox 718 2487 756 2536; x_wconf 85' lang='lat' dir='ltr'><strong>vei</strong></span> <span class='ocrx_word' id='word_1_227' title='bbox 769 2485 931 2549; x_wconf 80' lang='lat' dir='ltr'><strong>glossematis</strong></span> <span class='ocrx_word' id='word_1_228' title='bbox 942 2498 1017 2535; x_wconf 83' lang='lat' dir='ltr'><strong>causa</strong></span> <span class='ocrx_word' id='word_1_229' title='bbox 1029 2485 1125 2548; x_wconf 89' lang='lat' dir='ltr'><strong>addita,</strong></span> <span class='ocrx_word' id='word_1_230' title='bbox 1138 2483 1225 2536; x_wconf 85' lang='lat' dir='ltr'><strong>eiiecit</strong></span> <span class='ocrx_word' id='word_1_231' title='bbox 1236 2485 1290 2549; x_wconf 77' lang='lat' dir='ltr'><strong>adj.</strong></span> <span class='ocrx_word' id='word_1_232' title='bbox 1312 2497 1358 2534; x_wconf 82' lang='lat' dir='ltr'><strong>nu·</strong></span> 
     </span>
     <span class='ocr_line' id='line_1_23' title="bbox 296 2570 1361 2636; baseline 0.001 -17"><span class='ocrx_word' id='word_1_233' title='bbox 296 2571 390 2627; x_wconf 65' lang='lat' dir='ltr'><strong>teratu</strong></span> <span class='ocrx_word' id='word_1_234' title='bbox 410 2570 517 2621; x_wconf 76' lang='lat' dir='ltr'><strong>tortasse</strong></span> <span class='ocrx_word' id='word_1_235' title='bbox 533 2579 587 2622; x_wconf 87' lang='lat' dir='ltr'><strong>orta</strong></span> <span class='ocrx_word' id='word_1_236' title='bbox 607 2580 648 2623; x_wconf 92' lang='lat' dir='ltr'><strong>est</strong></span> <span class='ocrx_word' id='word_1_237' title='bbox 666 2586 697 2622; x_wconf 83' lang='lat' dir='ltr'><strong>ex</strong></span> <span class='ocrx_word' id='word_1_238' title='bbox 711 2573 803 2624; x_wconf 90' lang='lat' dir='ltr'><strong>litteris</strong></span> <span class='ocrx_word' id='word_1_239' title='bbox 817 2572 936 2623; x_wconf 89' lang='lat' dir='ltr'><strong>iinaiibus</strong></span> <span class='ocrx_word' id='word_1_240' title='bbox 948 2573 1023 2623; x_wconf 88' lang='lat' dir='ltr'><strong>verbi</strong></span> <span class='ocrx_word' id='word_1_241' title='bbox 1034 2572 1139 2632; x_wconf 77' lang='lat' dir='ltr'><strong>inient,</strong></span> <span class='ocrx_word' id='word_1_242' title='bbox 1159 2572 1228 2636; x_wconf 86' lang='lat' dir='ltr'><strong>quod</strong></span> <span class='ocrx_word' id='word_1_243' title='bbox 1248 2571 1361 2623; x_wconf 81' lang='lat' dir='ltr'><strong>restituit</strong></span> 
     </span>
     <span class='ocr_line' id='line_1_24' title="bbox 299 2660 1269 2724; baseline 0.003 -15"><span class='ocrx_word' id='word_1_244' title='bbox 299 2660 391 2710; x_wconf 88' lang='lat' dir='ltr'><strong>iioser.</strong></span> <span class='ocrx_word' id='word_1_245' title='bbox 1266 2718 1269 2724; x_wconf 52' lang='grc'>,</span> 
     </span>
    </p>

    <p class='ocr_par' dir='ltr' id='par_1_6' title="bbox 295 2733 1360 4331">
     <span class='ocr_line' id='line_1_25' title="bbox 329 2733 1359 2816; baseline 0.004 -18"><span class='ocrx_word' id='word_1_246' title='bbox 329 2748 393 2809; x_wconf 87' lang='lat' dir='ltr'><strong>iiiii,</strong></span> <span class='ocrx_word' id='word_1_247' title='bbox 406 2751 417 2813; x_wconf 67' lang='grc' dir='ltr'><strong>ξ</strong></span> <span class='ocrx_word' id='word_1_248' title='bbox 428 2750 467 2800; x_wconf 82' lang='grc'><strong>30.</strong></span> <span class='ocrx_word' id='word_1_249' title='bbox 480 2749 586 2813; x_wconf 79' lang='lat' dir='ltr'><strong>Legitur</strong></span> <span class='ocrx_word' id='word_1_250' title='bbox 604 2751 630 2800; x_wconf 93' lang='lat' dir='ltr'><strong>in</strong></span> <span class='ocrx_word' id='word_1_251' title='bbox 643 2733 777 2801; x_wconf 75' lang='lat' dir='ltr'><strong>codicibus</strong></span> <span class='ocrx_word' id='word_1_252' title='bbox 794 2770 806 2796; x_wconf 77' lang='grc' dir='ltr'>ι</span> <span class='ocrx_word' id='word_1_253' title='bbox 819 2751 957 2816; x_wconf 81' lang='lat' dir='ltr'><strong>significari</strong></span> <span class='ocrx_word' id='word_1_254' title='bbox 970 2758 1030 2815; x_wconf 91' lang='lat' dir='ltr'><strong>puto</strong></span> <span class='ocrx_word' id='word_1_255' title='bbox 1045 2752 1151 2815; x_wconf 80' lang='lat' dir='ltr'><strong>·,qnod</strong></span> <span class='ocrx_word' id='word_1_256' title='bbox 1164 2751 1293 2816; x_wconf 77' lang='lat' dir='ltr'><strong>glossema</strong></span> <span class='ocrx_word' id='word_1_257' title='bbox 1305 2764 1359 2802; x_wconf 80' lang='lat' dir='ltr'><strong>nra·</strong></span> 
     </span>
     <span class='ocr_line' id='line_1_26' title="bbox 298 2834 1359 2903; baseline 0.005 -18"><span class='ocrx_word' id='word_1_258' title='bbox 298 2834 390 2885; x_wconf 89' lang='lat' dir='ltr'><strong>niieste</strong></span> <span class='ocrx_word' id='word_1_259' title='bbox 411 2837 508 2900; x_wconf 91' lang='lat' dir='ltr'><strong>prodit;</strong></span> <span class='ocrx_word' id='word_1_260' title='bbox 527 2837 613 2900; x_wconf 88' lang='lat' dir='ltr'><strong>itaque</strong></span> <span class='ocrx_word' id='word_1_261' title='bbox 630 2838 753 2889; x_wconf 89' lang='lat' dir='ltr'><strong>Gruterus</strong></span> <span class='ocrx_word' id='word_1_262' title='bbox 765 2838 842 2889; x_wconf 83' lang='lat' dir='ltr'><strong>rerba</strong></span> <span class='ocrx_word' id='word_1_263' title='bbox 868 2837 1065 2889; x_wconf 83' lang='lat' dir='ltr'><strong>«saiubritatem</strong></span> <span class='ocrx_word' id='word_1_264' title='bbox 1084 2838 1161 2890; x_wconf 89' lang='lat' dir='ltr'><strong>etiam</strong></span> <span class='ocrx_word' id='word_1_265' title='bbox 1172 2847 1217 2889; x_wconf 88' lang='lat' dir='ltr'><strong>aut</strong></span> <span class='ocrx_word' id='word_1_266' title='bbox 1237 2839 1359 2903; x_wconf 84' lang='lat' dir='ltr'><strong>pestiten-</strong></span> 
     </span>
     <span class='ocr_line' id='line_1_27' title="bbox 297 2924 1358 2990; baseline 0.007 -17"><span class='ocrx_word' id='word_1_267' title='bbox 297 2925 356 2975; x_wconf 83' lang='lat' dir='ltr'><strong>tiam</strong></span> <span class='ocrx_word' id='word_1_268' title='bbox 368 2924 434 2975; x_wconf 85' lang='lat' dir='ltr'><strong>extis</strong></span> <span class='ocrx_word' id='word_1_269' title='bbox 445 2924 583 2989; x_wconf 77' lang='lat' dir='ltr'><strong>significari</strong></span> <span class='ocrx_word' id='word_1_270' title='bbox 595 2934 655 2990; x_wconf 90' lang='lat' dir='ltr'><strong>puto</strong></span> <span class='ocrx_word' id='word_1_271' title='bbox 670 2947 680 2969; x_wconf 84' lang='lat'><strong>»</strong></span> <span class='ocrx_word' id='word_1_272' title='bbox 694 2927 786 2978; x_wconf 87' lang='lat' dir='ltr'><strong>merito</strong></span> <span class='ocrx_word' id='word_1_273' title='bbox 797 2927 936 2979; x_wconf 88' lang='lat' dir='ltr'><strong>omittenda</strong></span> <span class='ocrx_word' id='word_1_274' title='bbox 949 2940 1006 2978; x_wconf 89' lang='lat' dir='ltr'><strong>esse</strong></span> <span class='ocrx_word' id='word_1_275' title='bbox 1018 2928 1149 2979; x_wconf 82' lang='lat' dir='ltr'><strong>censebat.</strong></span> <span class='ocrx_word' id='word_1_276' title='bbox 1171 2927 1295 2980; x_wconf 80' lang='lat' dir='ltr'><strong>iiditores</strong></span> <span class='ocrx_word' id='word_1_277' title='bbox 1304 2941 1358 2979; x_wconf 82' lang='lat' dir='ltr'><strong>ura·</strong></span> 
     </span>
     <span class='ocr_line' id='line_1_28' title="bbox 298 3013 1358 3080; baseline 0.005 -17"><span class='ocrx_word' id='word_1_278' title='bbox 298 3013 400 3065; x_wconf 86' lang='lat' dir='ltr'><strong>inerunt</strong></span> <span class='ocrx_word' id='word_1_279' title='bbox 417 3014 503 3079; x_wconf 75' lang='lat' dir='ltr'><strong>legere</strong></span> <span class='ocrx_word' id='word_1_280' title='bbox 516 3018 604 3080; x_wconf 87' lang='lat' dir='ltr'><strong>putot‚·</strong></span> <span class='ocrx_word' id='word_1_281' title='bbox 614 3016 727 3066; x_wconf 82' lang='lat' dir='ltr'><strong>nonnulii</strong></span> <span class='ocrx_word' id='word_1_282' title='bbox 743 3016 820 3067; x_wconf 84' lang='lat' dir='ltr'><strong>etiam</strong></span> <span class='ocrx_word' id='word_1_283' title='bbox 837 3017 935 3066; x_wconf 90' lang='lat' dir='ltr'><strong>addunt</strong></span> <span class='ocrx_word' id='word_1_284' title='bbox 949 3030 1009 3078; x_wconf 80' lang='lat' dir='ltr'><strong>uon,</strong></span> <span class='ocrx_word' id='word_1_285' title='bbox 1028 3023 1087 3067; x_wconf 87' lang='lat' dir='ltr'><strong>ante</strong></span> <span class='ocrx_word' id='word_1_286' title='bbox 1101 3037 1111 3060; x_wconf 74' lang='grc' dir='ltr'>ι</span> <span class='ocrx_word' id='word_1_287' title='bbox 1124 3016 1178 3066; x_wconf 80' lang='lat' dir='ltr'><strong>brec</strong></span> <span class='ocrx_word' id='word_1_288' title='bbox 1190 3016 1324 3068; x_wconf 76' lang='lat' dir='ltr'><strong>dumtaxat</strong></span> <span class='ocrx_word' id='word_1_289' title='bbox 1336 3035 1358 3064; x_wconf 76' lang='grc' dir='ltr'><strong>ι.</strong></span> 
     </span>
     <span class='ocr_line' id='line_1_29' title="bbox 298 3104 1358 3170; baseline 0.002 -16"><span class='ocrx_word' id='word_1_290' title='bbox 298 3132 327 3140; x_wconf 98' lang='grc'>-</span> <span class='ocrx_word' id='word_1_291' title='bbox 339 3104 366 3154; x_wconf 84' lang='lat' dir='ltr'><strong>C.</strong></span> <span class='ocrx_word' id='word_1_292' title='bbox 380 3104 409 3154; x_wconf 77' lang='lat' dir='ltr'><strong>i.</strong></span> <span class='ocrx_word' id='word_1_293' title='bbox 421 3106 461 3155; x_wconf 88' lang='lat' dir='ltr'><strong>W.</strong></span> <span class='ocrx_word' id='word_1_294' title='bbox 475 3104 571 3156; x_wconf 83' lang='lat' dir='ltr'><strong>iiiiiier.</strong></span> <span class='ocrx_word' id='word_1_295' title='bbox 585 3106 728 3170; x_wconf 90' lang='lat' dir='ltr'><strong>suspicatur</strong></span> <span class='ocrx_word' id='word_1_296' title='bbox 735 3105 871 3170; x_wconf 84' lang='lat' dir='ltr'><strong>legendum</strong></span> <span class='ocrx_word' id='word_1_297' title='bbox 880 3118 937 3155; x_wconf 91' lang='lat' dir='ltr'><strong>esse</strong></span> <span class='ocrx_word' id='word_1_298' title='bbox 945 3106 1052 3165; x_wconf 77' lang='lat' dir='ltr'><strong>oculum,</strong></span> <span class='ocrx_word' id='word_1_299' title='bbox 1062 3119 1108 3170; x_wconf 90' lang='lat' dir='ltr'><strong>pro</strong></span> <span class='ocrx_word' id='word_1_300' title='bbox 1117 3104 1185 3170; x_wconf 75' lang='lat' dir='ltr'><strong>uuig.</strong></span> <span class='ocrx_word' id='word_1_301' title='bbox 1194 3105 1255 3156; x_wconf 88' lang='lat' dir='ltr'><strong>lect.</strong></span> <span class='ocrx_word' id='word_1_302' title='bbox 1264 3105 1358 3164; x_wconf 74' lang='lat' dir='ltr'><strong>indutu,</strong></span> 
     </span>
     <span class='ocr_line' id='line_1_30' title="bbox 296 3192 1359 3259; baseline 0.001 -15"><span class='ocrx_word' id='word_1_303' title='bbox 296 3192 407 3245; x_wconf 88' lang='lat' dir='ltr'><strong>conierri</strong></span> <span class='ocrx_word' id='word_1_304' title='bbox 421 3194 515 3257; x_wconf 85' lang='lat' dir='ltr'><strong>jubens</strong></span> <span class='ocrx_word' id='word_1_305' title='bbox 532 3195 606 3244; x_wconf 83' lang='lat' dir='ltr'><strong>inse.</strong></span> <span class='ocrx_word' id='word_1_306' title='bbox 628 3195 698 3258; x_wconf 85' lang='lat' dir='ltr'><strong>nisp.</strong></span> <span class='ocrx_word' id='word_1_307' title='bbox 711 3195 742 3254; x_wconf 90' lang='lat' dir='ltr'><strong>ii,</strong></span> <span class='ocrx_word' id='word_1_308' title='bbox 756 3196 768 3258; x_wconf 66' lang='grc' dir='ltr'>ς</span> <span class='ocrx_word' id='word_1_309' title='bbox 780 3197 843 3257; x_wconf 84' lang='lat' dir='ltr'><strong>iit,</strong></span> <span class='ocrx_word' id='word_1_310' title='bbox 856 3196 890 3245; x_wconf 81' lang='lat' dir='ltr'><strong>ite</strong></span> <span class='ocrx_word' id='word_1_311' title='bbox 903 3195 958 3245; x_wconf 79' lang='lat' dir='ltr'><strong>Fir.</strong></span> <span class='ocrx_word' id='word_1_312' title='bbox 971 3195 1000 3257; x_wconf 87' lang='lat' dir='ltr'><strong>v,</strong></span> <span class='ocrx_word' id='word_1_313' title='bbox 1014 3195 1082 3258; x_wconf 72' lang='lat'><strong>§873</strong></span> <span class='ocrx_word' id='word_1_314' title='bbox 1093 3194 1212 3259; x_wconf 85' lang='lat' dir='ltr'><strong>equidem</strong></span> <span class='ocrx_word' id='word_1_315' title='bbox 1223 3194 1312 3246; x_wconf 84' lang='lat' dir='ltr'><strong>mniirn</strong></span> <span class='ocrx_word' id='word_1_316' title='bbox 1322 3193 1359 3245; x_wconf 88' lang='lat' dir='ltr'><strong>ie·</strong></span> 
     </span>
     <span class='ocr_line' id='line_1_31' title="bbox 296 3285 1359 3350; baseline 0.004 -15"><span class='ocrx_word' id='word_1_317' title='bbox 296 3298 358 3350; x_wconf 74' lang='lat' dir='ltr'><strong>gere</strong></span> <span class='ocrx_word' id='word_1_318' title='bbox 370 3287 467 3349; x_wconf 83' lang='lat' dir='ltr'><strong>iumen,</strong></span> <span class='ocrx_word' id='word_1_319' title='bbox 479 3287 548 3350; x_wconf 88' lang='lat' dir='ltr'><strong>quod</strong></span> <span class='ocrx_word' id='word_1_320' title='bbox 561 3300 621 3337; x_wconf 86' lang='lat' dir='ltr'><strong>uere</strong></span> <span class='ocrx_word' id='word_1_321' title='bbox 633 3294 660 3337; x_wconf 87' lang='lat' dir='ltr'><strong>et</strong></span> <span class='ocrx_word' id='word_1_322' title='bbox 672 3287 769 3349; x_wconf 89' lang='lat' dir='ltr'><strong>tropice</strong></span> <span class='ocrx_word' id='word_1_323' title='bbox 781 3285 889 3350; x_wconf 81' lang='lat' dir='ltr'><strong>intelligi</strong></span> <span class='ocrx_word' id='word_1_324' title='bbox 901 3293 996 3349; x_wconf 88' lang='lat' dir='ltr'><strong>potest.</strong></span> <span class='ocrx_word' id='word_1_325' title='bbox 1007 3313 1038 3322; x_wconf 93' lang='lat'><em>-</em></span> <span class='ocrx_word' id='word_1_326' title='bbox 1050 3285 1133 3336; x_wconf 89' lang='lat' dir='ltr'><strong>iiaiim</strong></span> <span class='ocrx_word' id='word_1_327' title='bbox 1145 3285 1242 3337; x_wconf 73' lang='lat' dir='ltr'><strong>addere</strong></span> <span class='ocrx_word' id='word_1_328' title='bbox 1253 3286 1359 3338; x_wconf 87' lang='lat' dir='ltr'><strong>uerbum</strong></span> 
     </span>
     <span class='ocr_line' id='line_1_32' title="bbox 298 3374 1359 3440; baseline 0.003 -16"><span class='ocrx_word' id='word_1_329' title='bbox 298 3374 383 3424; x_wconf 73' lang='lat' dir='ltr'><strong>iuben</strong></span> <span class='ocrx_word' id='word_1_330' title='bbox 396 3383 452 3438; x_wconf 93' lang='lat' dir='ltr'><strong>post</strong></span> <span class='ocrx_word' id='word_1_331' title='bbox 464 3376 605 3435; x_wconf 69' lang='lat' dir='ltr'><strong>tremitum,</strong></span> <span class='ocrx_word' id='word_1_332' title='bbox 619 3377 663 3426; x_wconf 90' lang='lat' dir='ltr'><strong>ubi</strong></span> <span class='ocrx_word' id='word_1_333' title='bbox 674 3377 808 3427; x_wconf 82' lang='lat' dir='ltr'><strong>absorberi</strong></span> <span class='ocrx_word' id='word_1_334' title='bbox 821 3377 903 3440; x_wconf 87' lang='lat' dir='ltr'><strong>potnit</strong></span> <span class='ocrx_word' id='word_1_335' title='bbox 916 3390 977 3428; x_wconf 82' lang='lat' dir='ltr'><strong>uoce</strong></span> <span class='ocrx_word' id='word_1_336' title='bbox 990 3376 1153 3440; x_wconf 70' lang='lat' dir='ltr'><strong>precedenti,</strong></span> <span class='ocrx_word' id='word_1_337' title='bbox 1166 3389 1241 3440; x_wconf 87' lang='lat' dir='ltr'><strong>quarn</strong></span> <span class='ocrx_word' id='word_1_338' title='bbox 1254 3375 1359 3427; x_wconf 79' lang='lat' dir='ltr'><strong>formam</strong></span> 
     </span>
     <span class='ocr_line' id='line_1_33' title="bbox 298 3465 1360 3531; baseline 0.002 -17"><span class='ocrx_word' id='word_1_339' title='bbox 298 3465 428 3528; x_wconf 89' lang='lat' dir='ltr'><strong>pristinam</strong></span> <span class='ocrx_word' id='word_1_340' title='bbox 441 3466 546 3530; x_wconf 85' lang='lat' dir='ltr'><strong>genitivi</strong></span> <span class='ocrx_word' id='word_1_341' title='bbox 558 3465 619 3516; x_wconf 88' lang='lat' dir='ltr'><strong>iem.</strong></span> <span class='ocrx_word' id='word_1_342' title='bbox 631 3467 687 3517; x_wconf 82' lang='lat' dir='ltr'><strong>otioe</strong></span> <span class='ocrx_word' id='word_1_343' title='bbox 700 3466 852 3527; x_wconf 87' lang='lat' dir='ltr'><strong>admittere,</strong></span> <span class='ocrx_word' id='word_1_344' title='bbox 864 3465 937 3529; x_wconf 81' lang='lat' dir='ltr'><strong>cnjus</strong></span> <span class='ocrx_word' id='word_1_345' title='bbox 948 3466 1063 3531; x_wconf 83' lang='lat' dir='ltr'><strong>erempie</strong></span> <span class='ocrx_word' id='word_1_346' title='bbox 1075 3466 1142 3530; x_wconf 84' lang='lat' dir='ltr'><strong>apud</strong></span> <span class='ocrx_word' id='word_1_347' title='bbox 1153 3465 1305 3517; x_wconf 84' lang='lat' dir='ltr'><strong>Ciceronem</strong></span> <span class='ocrx_word' id='word_1_348' title='bbox 1316 3467 1360 3517; x_wconf 91' lang='lat' dir='ltr'><strong>de·</strong></span> 
     </span>
     <span class='ocr_line' id='line_1_34' title="bbox 298 3554 1360 3619; baseline 0.001 -16"><span class='ocrx_word' id='word_1_349' title='bbox 298 3561 366 3603; x_wconf 89' lang='lat' dir='ltr'><strong>sunt.</strong></span> <span class='ocrx_word' id='word_1_350' title='bbox 381 3554 489 3604; x_wconf 85' lang='lat' dir='ltr'><strong>Verbum</strong></span> <span class='ocrx_word' id='word_1_351' title='bbox 501 3558 537 3604; x_wconf 80' lang='lat' dir='ltr'><strong>eut</strong></span> <span class='ocrx_word' id='word_1_352' title='bbox 548 3561 605 3618; x_wconf 89' lang='lat' dir='ltr'><strong>post</strong></span> <span class='ocrx_word' id='word_1_353' title='bbox 615 3556 717 3619; x_wconf 80' lang='lat' dir='ltr'><strong>pienum</strong></span> <span class='ocrx_word' id='word_1_354' title='bbox 728 3554 839 3606; x_wconf 86' lang='lat' dir='ltr'><strong>debetur</strong></span> <span class='ocrx_word' id='word_1_355' title='bbox 850 3555 970 3615; x_wconf 90' lang='lat' dir='ltr'><strong>librariis,</strong></span> <span class='ocrx_word' id='word_1_356' title='bbox 982 3554 1063 3618; x_wconf 91' lang='lat' dir='ltr'><strong>quiid</strong></span> <span class='ocrx_word' id='word_1_357' title='bbox 1075 3555 1227 3606; x_wconf 72' lang='lat' dir='ltr'><strong>addiderunt</strong></span> <span class='ocrx_word' id='word_1_358' title='bbox 1235 3554 1270 3607; x_wconf 91' lang='lat' dir='ltr'><strong>ob</strong></span> <span class='ocrx_word' id='word_1_359' title='bbox 1281 3555 1360 3606; x_wconf 84' lang='lat' dir='ltr'><strong>omis·</strong></span> 
     </span>
     <span class='ocr_line' id='line_1_35' title="bbox 298 3642 1360 3707; baseline 0 -14"><span class='ocrx_word' id='word_1_360' title='bbox 298 3655 354 3693; x_wconf 91' lang='lat' dir='ltr'><strong>sum</strong></span> <span class='ocrx_word' id='word_1_361' title='bbox 367 3642 463 3693; x_wconf 82' lang='lat' dir='ltr'><strong>babent.</strong></span> <span class='ocrx_word' id='word_1_362' title='bbox 476 3670 505 3679; x_wconf 88' lang='lat'><em>-</em></span> <span class='ocrx_word' id='word_1_363' title='bbox 517 3642 531 3707; x_wconf 62' lang='grc' dir='ltr'>ᾗ</span> <span class='ocrx_word' id='word_1_364' title='bbox 543 3644 582 3694; x_wconf 83' lang='lat' dir='ltr'><strong>at.</strong></span> <span class='ocrx_word' id='word_1_365' title='bbox 596 3644 622 3693; x_wconf 92' lang='lat' dir='ltr'><strong>in</strong></span> <span class='ocrx_word' id='word_1_366' title='bbox 634 3643 739 3694; x_wconf 87' lang='lat' dir='ltr'><strong>sormuia</strong></span> <span class='ocrx_word' id='word_1_367' title='bbox 754 3660 760 3692; x_wconf 94' lang='lat'>:</span> <span class='ocrx_word' id='word_1_368' title='bbox 774 3664 786 3689; x_wconf 68' lang='lat' dir='ltr'><strong>a</strong></span> <span class='ocrx_word' id='word_1_369' title='bbox 800 3644 905 3703; x_wconf 77' lang='lat' dir='ltr'><strong>Parum,</strong></span> <span class='ocrx_word' id='word_1_370' title='bbox 922 3644 1016 3705; x_wconf 88' lang='lat' dir='ltr'><strong>oredo,</strong></span> <span class='ocrx_word' id='word_1_371' title='bbox 1029 3643 1191 3707; x_wconf 83' lang='lat' dir='ltr'><strong>impudenter</strong></span> <span class='ocrx_word' id='word_1_372' title='bbox 1204 3663 1214 3686; x_wconf 74' lang='grc' dir='ltr'>ι</span> <span class='ocrx_word' id='word_1_373' title='bbox 1227 3642 1297 3693; x_wconf 87' lang='lat' dir='ltr'><strong>inest</strong></span> <span class='ocrx_word' id='word_1_374' title='bbox 1307 3643 1360 3693; x_wconf 91' lang='lat' dir='ltr'><strong>iro-</strong></span> 
     </span>
     <span class='ocr_line' id='line_1_36' title="bbox 298 3731 1359 3797; baseline -0.001 -14"><span class='ocrx_word' id='word_1_375' title='bbox 298 3732 355 3792; x_wconf 83' lang='lat' dir='ltr'><strong>nia,</strong></span> <span class='ocrx_word' id='word_1_376' title='bbox 367 3745 442 3797; x_wconf 88' lang='lat' dir='ltr'><strong>quam</strong></span> <span class='ocrx_word' id='word_1_377' title='bbox 455 3733 539 3796; x_wconf 90' lang='lat' dir='ltr'><strong>prodit</strong></span> <span class='ocrx_word' id='word_1_378' title='bbox 550 3732 656 3783; x_wconf 85' lang='lat' dir='ltr'><strong>verbum</strong></span> <span class='ocrx_word' id='word_1_379' title='bbox 669 3734 757 3791; x_wconf 85' lang='lat' dir='ltr'><strong>credo‚·</strong></span> <span class='ocrx_word' id='word_1_380' title='bbox 774 3734 843 3797; x_wconf 86' lang='lat' dir='ltr'><strong>quod</strong></span> <span class='ocrx_word' id='word_1_381' title='bbox 859 3732 924 3797; x_wconf 81' lang='lat' dir='ltr'><strong>iugit</strong></span> <span class='ocrx_word' id='word_1_382' title='bbox 942 3731 1088 3783; x_wconf 80' lang='lat' dir='ltr'><strong>Ernestium</strong></span> <span class='ocrx_word' id='word_1_383' title='bbox 1100 3732 1144 3795; x_wconf 86' lang='lat' dir='ltr'><strong>qni</strong></span> <span class='ocrx_word' id='word_1_384' title='bbox 1155 3731 1219 3795; x_wconf 79' lang='lat' dir='ltr'><strong>tegit</strong></span> <span class='ocrx_word' id='word_1_385' title='bbox 1226 3733 1359 3796; x_wconf 76' lang='lat' dir='ltr'><strong>pudenter.</strong></span> 
     </span>
     <span class='ocr_line' id='line_1_37' title="bbox 297 3819 1359 3885; baseline -0.004 -11"><span class='ocrx_word' id='word_1_386' title='bbox 297 3849 328 3858; x_wconf 91' lang='lat'><em>-</em></span> <span class='ocrx_word' id='word_1_387' title='bbox 339 3822 404 3873; x_wconf 83' lang='lat' dir='ltr'><strong>vere</strong></span> <span class='ocrx_word' id='word_1_388' title='bbox 422 3822 520 3873; x_wconf 86' lang='lat' dir='ltr'><strong>monuit</strong></span> <span class='ocrx_word' id='word_1_389' title='bbox 532 3821 640 3885; x_wconf 82' lang='lat' dir='ltr'><strong>iiuduig.</strong></span> <span class='ocrx_word' id='word_1_390' title='bbox 654 3822 701 3885; x_wconf 84' lang='lat' dir='ltr'><strong>(de</strong></span> <span class='ocrx_word' id='word_1_391' title='bbox 720 3822 775 3872; x_wconf 78' lang='lat' dir='ltr'><strong>Fir.</strong></span> <span class='ocrx_word' id='word_1_392' title='bbox 798 3836 822 3884; x_wconf 90' lang='lat' dir='ltr'><strong>p.</strong></span> <span class='ocrx_word' id='word_1_393' title='bbox 841 3819 905 3885; x_wconf 78' lang='lat'><strong>537)</strong></span> <span class='ocrx_word' id='word_1_394' title='bbox 924 3820 1061 3885; x_wconf 82' lang='lat' dir='ltr'><strong>tegendum</strong></span> <span class='ocrx_word' id='word_1_395' title='bbox 1077 3832 1135 3871; x_wconf 87' lang='lat' dir='ltr'><strong>esse</strong></span> <span class='ocrx_word' id='word_1_396' title='bbox 1149 3834 1156 3868; x_wconf 79' lang='grc' dir='ltr'><strong>ι</strong></span> <span class='ocrx_word' id='word_1_397' title='bbox 1169 3837 1182 3866; x_wconf 72' lang='lat' dir='ltr'><strong>e</strong></span> <span class='ocrx_word' id='word_1_398' title='bbox 1194 3820 1279 3884; x_wconf 85' lang='lat' dir='ltr'><strong>quod,</strong></span> <span class='ocrx_word' id='word_1_399' title='bbox 1301 3831 1359 3870; x_wconf 90' lang='lat' dir='ltr'><strong>cum</strong></span> 
     </span>
     <span class='ocr_line' id='line_1_38' title="bbox 296 3908 1360 3975; baseline -0.001 -14"><span class='ocrx_word' id='word_1_400' title='bbox 296 3910 377 3962; x_wconf 88' lang='lat' dir='ltr'><strong>iactus</strong></span> <span class='ocrx_word' id='word_1_401' title='bbox 388 3915 423 3962; x_wconf 80' lang='lat' dir='ltr'><strong>est</strong></span> <span class='ocrx_word' id='word_1_402' title='bbox 434 3918 532 3971; x_wconf 89' lang='lat' dir='ltr'><strong>motus,</strong></span> <span class='ocrx_word' id='word_1_403' title='bbox 545 3911 632 3963; x_wconf 88' lang='lat' dir='ltr'><strong>dicere</strong></span> <span class='ocrx_word' id='word_1_404' title='bbox 643 3911 739 3961; x_wconf 89' lang='lat' dir='ltr'><strong>audent</strong></span> <span class='ocrx_word' id='word_1_405' title='bbox 756 3924 813 3975; x_wconf 83' lang='lat' dir='ltr'><strong>quae</strong></span> <span class='ocrx_word' id='word_1_406' title='bbox 829 3911 868 3961; x_wconf 81' lang='lat' dir='ltr'><strong>uis</strong></span> <span class='ocrx_word' id='word_1_407' title='bbox 885 3911 911 3960; x_wconf 92' lang='lat' dir='ltr'><strong>id</strong></span> <span class='ocrx_word' id='word_1_408' title='bbox 931 3908 1053 3961; x_wconf 77' lang='lat' dir='ltr'><strong>effecerit.</strong></span> <span class='ocrx_word' id='word_1_409' title='bbox 1069 3928 1079 3954; x_wconf 79' lang='lat' dir='ltr'><strong>r</strong></span> <span class='ocrx_word' id='word_1_410' title='bbox 1099 3908 1225 3960; x_wconf 82' lang='lat' dir='ltr'><strong>christine</strong></span> <span class='ocrx_word' id='word_1_411' title='bbox 1236 3916 1360 3973; x_wconf 71' lang='lat' dir='ltr'><strong>sequutus</strong></span> 
     </span>
     <span class='ocr_line' id='line_1_39' title="bbox 295 3997 1360 4065; baseline -0.001 -15"><span class='ocrx_word' id='word_1_412' title='bbox 295 4007 336 4050; x_wconf 90' lang='lat' dir='ltr'><strong>est</strong></span> <span class='ocrx_word' id='word_1_413' title='bbox 346 4001 449 4052; x_wconf 89' lang='lat' dir='ltr'><strong>codices</strong></span> <span class='ocrx_word' id='word_1_414' title='bbox 460 4002 504 4065; x_wconf 87' lang='lat' dir='ltr'><strong>qui</strong></span> <span class='ocrx_word' id='word_1_415' title='bbox 514 4001 609 4052; x_wconf 86' lang='lat' dir='ltr'><strong>babent</strong></span> <span class='ocrx_word' id='word_1_416' title='bbox 620 4005 698 4060; x_wconf 72' lang='lat' dir='ltr'><strong>esset:</strong></span> <span class='ocrx_word' id='word_1_417' title='bbox 709 4000 800 4051; x_wconf 86' lang='lat' dir='ltr'><strong>Baiter.</strong></span> <span class='ocrx_word' id='word_1_418' title='bbox 814 4000 841 4050; x_wconf 93' lang='lat' dir='ltr'><strong>in</strong></span> <span class='ocrx_word' id='word_1_419' title='bbox 852 4001 894 4051; x_wconf 90' lang='lat' dir='ltr'><strong>ed.</strong></span> <span class='ocrx_word' id='word_1_420' title='bbox 908 3999 976 4063; x_wconf 87' lang='lat' dir='ltr'><strong>Lips.</strong></span> <span class='ocrx_word' id='word_1_421' title='bbox 989 3998 1079 4050; x_wconf 87' lang='lat' dir='ltr'><strong>scribit</strong></span> <span class='ocrx_word' id='word_1_422' title='bbox 1087 4016 1100 4044; x_wconf 82' lang='lat' dir='ltr'><strong>o</strong></span> <span class='ocrx_word' id='word_1_423' title='bbox 1108 3997 1261 4050; x_wconf 76' lang='lat' dir='ltr'><strong>summust.-</strong></span> <span class='ocrx_word' id='word_1_424' title='bbox 1271 3998 1360 4050; x_wconf 79' lang='lat' dir='ltr'><strong>-iiu-</strong></span> 
     </span>
     <span class='ocr_line' id='line_1_40' title="bbox 296 4087 1360 4154; baseline 0.001 -17"><span class='ocrx_word' id='word_1_425' title='bbox 296 4090 354 4139; x_wconf 86' lang='lat' dir='ltr'><strong>iius</strong></span> <span class='ocrx_word' id='word_1_426' title='bbox 372 4090 421 4153; x_wconf 84' lang='lat' dir='ltr'><strong>(de</strong></span> <span class='ocrx_word' id='word_1_427' title='bbox 434 4089 513 4154; x_wconf 78' lang='lat' dir='ltr'><strong>Legg.</strong></span> <span class='ocrx_word' id='word_1_428' title='bbox 526 4104 551 4153; x_wconf 93' lang='lat' dir='ltr'><strong>p.</strong></span> <span class='ocrx_word' id='word_1_429' title='bbox 563 4089 626 4151; x_wconf 73' lang='lat'>465)</span> <span class='ocrx_word' id='word_1_430' title='bbox 637 4089 775 4153; x_wconf 79' lang='lat' dir='ltr'><strong>tegendum</strong></span> <span class='ocrx_word' id='word_1_431' title='bbox 783 4102 840 4140; x_wconf 89' lang='lat' dir='ltr'><strong>esse</strong></span> <span class='ocrx_word' id='word_1_432' title='bbox 852 4096 941 4140; x_wconf 90' lang='lat' dir='ltr'><strong>censet</strong></span> <span class='ocrx_word' id='word_1_433' title='bbox 953 4103 961 4137; x_wconf 73' lang='lat' dir='ltr'><strong>a</strong></span> <span class='ocrx_word' id='word_1_434' title='bbox 974 4107 986 4135; x_wconf 77' lang='lat' dir='ltr'><strong>o</strong></span> <span class='ocrx_word' id='word_1_435' title='bbox 1000 4089 1075 4139; x_wconf 83' lang='lat' dir='ltr'><strong>etiam</strong></span> <span class='ocrx_word' id='word_1_436' title='bbox 1087 4087 1199 4139; x_wconf 89' lang='lat' dir='ltr'><strong>iuturum</strong></span> <span class='ocrx_word' id='word_1_437' title='bbox 1217 4099 1276 4140; x_wconf 89' lang='lat' dir='ltr'><strong>esse</strong></span> <span class='ocrx_word' id='word_1_438' title='bbox 1287 4099 1360 4153; x_wconf 80' lang='lat' dir='ltr'><strong>equae</strong></span> 
     </span>
     <span class='ocr_line' id='line_1_41' title="bbox 296 4175 1359 4242; baseline 0 -16"><span class='ocrx_word' id='word_1_439' title='bbox 296 4176 363 4241; x_wconf 81' lang='lat' dir='ltr'><strong>iugis</strong></span> <span class='ocrx_word' id='word_1_440' title='bbox 374 4178 632 4241; x_wconf 82' lang='lat' dir='ltr'><strong>cotorepraesentium</strong></span> <span class='ocrx_word' id='word_1_441' title='bbox 649 4197 672 4238; x_wconf 71' lang='lat' dir='ltr'><strong>a,</strong></span> <span class='ocrx_word' id='word_1_442' title='bbox 683 4178 782 4230; x_wconf 79' lang='lat' dir='ltr'><strong>subluto</strong></span> <span class='ocrx_word' id='word_1_443' title='bbox 790 4178 965 4242; x_wconf 81' lang='lat' dir='ltr'><strong>interrogandi</strong></span> <span class='ocrx_word' id='word_1_444' title='bbox 972 4177 1055 4242; x_wconf 73' lang='lat' dir='ltr'><strong>signo,</strong></span> <span class='ocrx_word' id='word_1_445' title='bbox 1063 4176 1105 4228; x_wconf 90' lang='lat' dir='ltr'><strong>cui</strong></span> <span class='ocrx_word' id='word_1_446' title='bbox 1112 4176 1248 4228; x_wconf 88' lang='lat' dir='ltr'><strong>assentior.</strong></span> <span class='ocrx_word' id='word_1_447' title='bbox 1257 4175 1359 4242; x_wconf 68' lang='grc'><strong>-532,</strong></span> 
     </span>
     <span class='ocr_line' id='line_1_42' title="bbox 298 4267 1125 4331; baseline 0 -14"><span class='ocrx_word' id='word_1_448' title='bbox 298 4268 381 4319; x_wconf 92' lang='lat' dir='ltr'><strong>iiaiim</strong></span> <span class='ocrx_word' id='word_1_449' title='bbox 394 4284 401 4317; x_wconf 76' lang='lat' dir='ltr'><strong><em>z</em></strong></span> <span class='ocrx_word' id='word_1_450' title='bbox 415 4268 504 4319; x_wconf 65' lang='lat' dir='ltr'><strong>svera</strong></span> <span class='ocrx_word' id='word_1_451' title='bbox 515 4269 566 4319; x_wconf 89' lang='lat' dir='ltr'><strong>sint</strong></span> <span class='ocrx_word' id='word_1_452' title='bbox 577 4282 638 4320; x_wconf 90' lang='lat' dir='ltr'><strong>sane</strong></span> <span class='ocrx_word' id='word_1_453' title='bbox 650 4269 698 4319; x_wconf 90' lang='lat' dir='ltr'><strong>ista</strong></span> <span class='ocrx_word' id='word_1_454' title='bbox 710 4267 868 4320; x_wconf 84' lang='lat' dir='ltr'><strong>Democritea</strong></span> <span class='ocrx_word' id='word_1_455' title='bbox 882 4282 912 4331; x_wconf 79' lang='lat'><strong>»;</strong></span> <span class='ocrx_word' id='word_1_456' title='bbox 925 4267 1020 4319; x_wconf 83' lang='lat' dir='ltr'><strong>omisso</strong></span> <span class='ocrx_word' id='word_1_457' title='bbox 1030 4280 1125 4318; x_wconf 68' lang='lat' dir='ltr'><strong>veum.</strong></span> 
     </span>
    </p>

    <p class='ocr_par' dir='ltr' id='par_1_7' title="bbox 329 4355 1360 4422">
     <span class='ocr_line' id='line_1_43' title="bbox 329 4355 1360 4422; baseline -0.003 -14"><span class='ocrx_word' id='word_1_458' title='bbox 329 4357 396 4415; x_wconf 83' lang='lat' dir='ltr'><strong>xiv,</strong></span> <span class='ocrx_word' id='word_1_459' title='bbox 408 4356 422 4422; x_wconf 64' lang='grc' dir='ltr'><strong>ἕ</strong></span> <span class='ocrx_word' id='word_1_460' title='bbox 435 4356 474 4409; x_wconf 84' lang='grc'><strong>33.</strong></span> <span class='ocrx_word' id='word_1_461' title='bbox 492 4357 609 4408; x_wconf 83' lang='lat' dir='ltr'><strong>Omittem</strong></span> <span class='ocrx_word' id='word_1_462' title='bbox 621 4363 657 4415; x_wconf 83' lang='lat' dir='ltr'><strong>et,</strong></span> <span class='ocrx_word' id='word_1_463' title='bbox 670 4358 891 4421; x_wconf 79' lang='lat' dir='ltr'><strong>posterioresque,</strong></span> <span class='ocrx_word' id='word_1_464' title='bbox 904 4363 932 4408; x_wconf 90' lang='lat' dir='ltr'><strong>et</strong></span> <span class='ocrx_word' id='word_1_465' title='bbox 943 4355 1025 4420; x_wconf 79' lang='lat' dir='ltr'><strong>legam</strong></span> <span class='ocrx_word' id='word_1_466' title='bbox 1034 4358 1158 4420; x_wconf 79' lang='lat' dir='ltr'><strong>putentur</strong></span> <span class='ocrx_word' id='word_1_467' title='bbox 1169 4367 1215 4420; x_wconf 88' lang='lat' dir='ltr'><strong>pro</strong></span> <span class='ocrx_word' id='word_1_468' title='bbox 1224 4357 1360 4420; x_wconf 60' lang='lat' dir='ltr'><strong>putentem</strong></span> 
     </span>
    </p>
   </div>
   <div class='ocr_carea' id='block_1_3' title="bbox 0 0 1673 5159">
    <p class='ocr_par' dir='ltr' id='par_1_8' title="bbox 0 0 1673 5159">
     <span class='ocr_line' id='line_1_44' title="bbox 0 0 1673 5159; baseline 0 0"><span class='ocrx_word' id='word_1_469' title='bbox 0 0 1673 5159; x_wconf 95' lang='lat' dir='ltr'><strong> </strong></span> 
     </span>
    </p>
   </div>
  </div>
 </body>
</html>
