3325 5159
596 584 638 641 Du
652 595 774 641 urricus
789 584 811 653 1,
826 595 926 655 x-xut
941 582 1037 641 ito-lo.
1301 583 1354 641 129

296 722 473 785 exequantur)
484 720 613 772 inferenda
626 733 659 771 ne
675 720 720 771 cui
729 726 838 771 noceant
850 719 957 782 iniuria,
970 720 996 769 in
1008 719 1089 770 altero
1101 718 1260 785 delinquunt,
1272 725 1322 768 ete.
1334 737 1354 775 ·,

296 826 342 862 seu
356 828 362 860 :
375 833 387 854 ι
401 812 508 861 alterum
519 810 648 861 iniustidae
660 823 742 874 genus
753 808 888 873 effugiunt,
901 809 946 858 ini.
960 822 985 858 u.
998 822 1021 860 c.
1035 822 1059 858 n.
1078 808 1139 873 luj.;
1158 808 1183 859 in
1196 808 1304 859 alterum
1315 807 1358 856 in-

295 900 398 961 cidunt,
410 900 526 949 discendi
538 899 606 948 euim
617 897 702 949 studio
713 899 830 961 impediti
839 910 903 962 quos
911 897 1214 949 tueridebentdesertmt.
1226 897 1357 947 »Priorem

297 989 401 1038 lormam
415 988 524 1051 praetulit
535 995 563 1037 ut
574 1002 631 1037 cnm
643 988 770 1038 sententia
782 987 895 1038 Platonis
907 987 999 1037 melius
1011 987 1167 1037 conveniret.
1187 1014 1217 1023 —-
1234 987 1358 1036 Praeterea

297 1078 471 1140 perturbatum
490 1077 568 1128 luisse
584 1078 766 1128 sententiarum
786 1078 903 1128 ordinem
923 1078 1039 1140 suspicor
1057 1084 1083 1126 et
1102 1078 1287 1139 transponenda
1301 1090 1358 1127 esse

299 1166 389 1225 rerba,
401 1167 538 1231 dequibus
549 1168 647 1231 agitur,
669 1168 743 1230 paulo
759 1180 850 1230 supra,
872 1167 939 1217 inter
951 1179 1028 1217 voces
1038 1166 1164 1230 potiantur
1176 1173 1203 1216 et
1214 1168 1308 1230 itaque,
1323 1168 1357 1216 le·

299 1258 383 1320 gendo
395 1258 437 1321 qttt'
448 1271 494 1321 pro
506 1271 576 1316 nom,
589 1264 648 1308 ante
660 1258 782 1315 alterum,
795 1264 824 1306 ut
835 1255 900 1307 inira
914 1255 927 1319 5
940 1256 971 1306 Ἃ)
982 1276 989 1319 4
1000 1269 1046 1306 seu
1058 1256 1124 1313 dam,
1145 1264 1172 1306 ut
1185 1256 1285 1305 volebat
1297 1255 1358 1306 Fac·

299 1346 414 1396 ciolatus.
427 1346 468 1396 Sic
480 1346 591 1396 Platonis
602 1346 728 1396 sententia
741 1358 791 1396 non
809 1345 991 1408 disrumpitur;
1004 1354 1030 1396 at
1042 1359 1088 1409 pro
1109 1366 1119 1388 «
1133 1346 1216 1409 itaque
1233 1358 1277 1395 eos
1291 1365 1301 1388 ι
1321 1344 1359 1394 le-

299 1434 411 1496 gendum
425 1454 435 1477 ‹
449 1439 521 1497 otpoe
533 1447 649 1485 eos.......
661 1437 734 1498 putot
746 1442 849 1485 coactos
859 1455 882 1497 ι,
896 1448 941 1498 pro
952 1422 1019 1498 vulg.
1026 1434 1358 1499 putantutscribitBaiter

299 1552 330 1560 -
342 1524 356 1587 §
367 1524 407 1574 30.
421 1524 519 1588 Legere
531 1524 622 1575 velim:
636 1531 698 1573 nest
709 1538 765 1573 eone
778 1523 888 1573 difficilis
900 1536 970 1585 cura,
984 1530 1033 1573 etc.
1044 1541 1067 1585 ιι,
1080 1537 1127 1588 pro
1139 1522 1207 1588 vulg.
1219 1524 1292 1580 enim,
1305 1534 1361 1585 quae

299 1612 366 1674 conj.
379 1613 419 1663 iric
430 1614 512 1663 aliena
525 1613 659 1663 videbatur
672 1612 785 1673 Petreio,
798 1612 841 1673 qui
859 1611 961 1675 legebat
980 1612 1087 1676 quidem,
1108 1611 1236 1673 Ernestio‚
1254 1610 1298 1674 qni
1315 1624 1367 1661 vo*

299 1703 367 1753 lebat
380 1706 469 1752 tomo.
482 1702 552 1752 Conl.
566 1702 598 1752 de
611 1701 690 1760 Orat„
704 1700 787 1758 ittet:
800 1713 865 1750 ures
872 1712 932 1751 sane
941 1700 1049 1750 difficilis
1057 1718 1117 1750 ».=-
1126 1698 1272 1762 Baliuslde
1282 1699 1359 1761 legg.

300 1800 323 1848 p.
337 1786 397 1850 460)
411 1801 456 1849 per
468 1786 609 1860 παρέιθεσιν
622 1786 673 1836 dici
684 1792 773 1836 censet
786 1802 792 1834 :
807 1786 828 1849 l«
844 1799 994 1850 quamquam
1006 1786 1173 1836 Terentianus
1184 1784 1227 1833 ille
1239 1784 1361 1833 Chremes

300 1873 403 1924 humani
415 1872 475 1922 nibil
488 1886 502 1922 a
515 1886 543 1923 se
555 1874 666 1923 alienum
679 1880 749 1936 putat
763 1873 799 1935 ι).

330 1962 360 2022 Χ.
374 1962 437 2024 §3¹-
454 1962 571 2026 Plerique
592 1962 684 2020 codd,
704 1968 761 2024 post
780 1961 857 2011 verba
878 1980 891 2007 ιι
912 1962 1020 2013 reddere
1039 1961 1183 2024 depositum
1202 1979 1226 2020 ιι,
1245 1958 1359 2008 addunt:

301 2072 310 2093 ι
325 2051 435 2102 etiamne
447 2049 542 2102 iurioso
556 2071 578 2112 ιι,
590 2064 635 2101 seu
652 2059 702 2101 «et
715 2065 764 2102 non
781 2050 877 2101 furioso
890 2070 912 2111 ι,
932 2064 978 2100 seu
998 2050 1080 2101 simile
1100 2049 1171 2114 quid,
1191 2063 1222 2098 ex
1239 2047 1305 2096 libro
1318 2046 1360 2107 lli,

299 2140 358 2202 §952
372 2140 489 2191 baustum
499 2154 507 2201 3
519 2140 587 2203 quod
599 2139 881 2191 meritoabeditoribus
890 2138 1012 2189 omissum
1022 2145 1106 2189 est-
1112 2137 1164 2187 Vox
1171 2135 1291 2201 principio
1299 2134 1361 2183 urllri

301 2231 401 2281 ridetur
413 2238 468 2280 orta
480 2242 537 2279 esse
547 2242 582 2286 er
594 2229 747 2291 glossemate
761 2229 884 2293 principia
902 2229 971 2278 vocis
986 2227 1153 2290 fartdomcrttn.
1168 2253 1198 2262 -
1209 2224 1339 2275 Sententia
1354 2238 1360 2269 :

303 2342 312 2364 ι
328 2320 363 2369 Ea
376 2334 433 2369 cum
447 2327 561 2381 tempore
571 2326 768 2378 commutantur,
780 2324 949 2368 commutatur
966 2317 1074 2367 cilicium
1093 2323 1119 2365 et
1137 2329 1187 2364 non
1204 2328 1305 2376 semper
1322 2321 1366 2363 est

300 2410 368 2460 idem
379 2430 400 2466 ».
412 2409 563 2472 elegantiam
575 2408 712 2458 Tullianam
724 2421 774 2459 nou
786 2407 861 2469 sapit,
875 2414 901 2457 et
913 2414 999 2457 corrtra
1010 2405 1143 2467 scriptoris
1156 2411 1265 2453 mentem
1277 2403 1318 2451 hic
1326 2403 1363 2450 iu-

302 2498 423 2560 terposita
435 2510 492 2546 esse
503 2496 564 2545 milri
577 2496 685 2545 ridetur.
699 2496 762 2543 lium
773 2495 860 2545 dicere
873 2494 955 2557 potnit
965 2493 1061 2564 'Pullius
1072 2492 1180 2541 officium
1193 2488 1361 2548 commutari?

301 2586 425 2636 Caeterum
437 2598 467 2635 ea
478 2585 571 2635 omissa
584 2584 646 2633 nibil
658 2584 748 2644 deest3
760 2584 878 2647 quoniam
891 2582 918 2631 in
931 2583 950 2644 §i
963 2582 1089 2645 principio
1099 2581 1188 2629 eadem
1203 2580 1254 2641 jam
1268 2577 1363 2626 rectius

301 2684 325 2725 et
338 2675 446 2736 amplius
457 2673 591 2730 enunciata
603 2680 670 2722 sunt.
684 2699 712 2707 -
726 2671 787 2733 532.
800 2671 884 2743 Malim
898 2686 904 2719 z
925 2682 1003 2733 auitae
1019 2676 1122 2725 coactus
1141 2674 1220 2723 metu.
1240 2680 1295 2730 quae
1313 2666 1361 2715 de-

300 2770 391 2825 ceptus
403 2762 461 2812 doio
474 2762 618 2823 promiseris
632 2775 661 2820 »3
674 2760 769 2811 etenim
781 2760 900 2822 displicet
911 2759 1039 2823 geminum
1052 2757 1105 2822 quis
1123 2758 1226 2808 diverso
1241 2769 1317 2805 seusu
1335 2756 1359 2804 in
1399 2770 1401 2774 ’

301 2851 391 2908 eadem
402 2850 538 2911 sententia,
551 2858 577 2899 et
588 2849 681 2913 legitur
691 2862 783 2912 supra:
799 2849 911 2912 «quibus
919 2847 1067 2911 promiseris
1075 2866 1098 2907 ι,
1112 2847 1173 2897 «cui
1182 2846 1329 2909 promiseris
1338 2860 1360 2891 a·

302 2968 331 2976 -
344 2940 356 3002 l
367 2940 407 2990 33.
419 2940 501 2989 Verba
516 2955 521 2987 :
536 2939 603 2988 «sed
616 2938 759 2988 malitiosa»
773 2938 879 2988 insititia
892 2937 991 2987 Baitero
1004 2936 1132 2998 ridentur,
1144 2936 1188 3000 qui
1200 2950 1229 2986 ea
1242 2935 1360 2994 seclusit;

302 3028 458 3079 Pacciolatus
470 3028 621 3089 conjiciebat
635 3042 641 3074 :
654 3044 667 3071 «
680 3040 723 3075 seu
736 3026 858 3076 malitiosa
871 3045 892 3088 »‚
905 3026 972 3089 quod
984 3039 1035 3075 non
1046 3025 1228 3087 spernendum.
1240 3052 1271 3061 —
1287 3024 1360 3074 Cice·

302 3130 390 3167 ronem
401 3118 535 3180 scripsisse
547 3117 663 3178 suspicor
676 3131 682 3163 ε
697 3135 708 3159 α
723 3129 755 3165 ne
767 3116 918 3177 adpeterent
931 3133 954 3175 ι,
968 3114 1035 3177 quod
1048 3112 1141 3176 aliquid
1153 3113 1223 3164 addit
1235 3112 1361 3173 orationi,;

303 3207 444 3270 copulenter
454 3214 549 3267 autem,
561 3206 629 3267 quod
642 3218 698 3255 raro
708 3211 852 3267 usurpatur,
861 3216 1025 3267 synonymum
1034 3202 1133 3253 videtur
1141 3200 1257 3251 abverbii
1267 3200 1361 3264 cupide.

333 3297 375 3353 lll.
388 3296 453 3360 536.
473 3295 571 3347 Primus
582 3295 722 3358 Madvigius
733 3294 911 3357 interpositum
922 3293 1001 3343 luisse
1012 3293 1046 3343 de
1056 3292 1153 3355 Popilio
1165 3291 1248 3341 locum
1256 3290 1328 3352 vidit,
1337 3297 1363 3341 et

303 3386 438 3441 delendum
450 3398 508 3435 esse
519 3384 641 3435 censebat
652 3398 731 3447 usque
743 3383 775 3434 ad
789 3384 863 3434 rerba
878 3398 884 3431 :
899 3405 909 3426 ι
923 3382 949 3431 in
962 3382 1029 3441 bello
1041 3381 1169 3432 movendo
1182 3399 1200 3427 ι.
1217 3381 1244 3430 c.
1264 3380 1291 3429 F.
1309 3379 1363 3429 Un-

303 3489 380 3539 gerus
391 3482 474 3525 autem
488 3482 573 3524 tuetur
583 3474 752 3524 sententiam:
768 3493 778 3515 ιι
787 3474 852 3523 adeo
863 3484 960 3522 summa
972 3478 1027 3522 erat
1038 3470 1183 3521 observatio
1194 3469 1219 3519 in
1232 3469 1299 3518 bello
1310 3482 1364 3519 ruo·

303 3567 386 3614 vendo
399 3583 422 3626 ιι,
435 3564 477 3614 cui
488 3578 539 3614 non
550 3563 689 3613 adsentior.
703 3560 844 3625 llbnigboli.
859 3562 961 3612 damnat
972 3561 1048 3611 etiam
1061 3573 1118 3623 quae
1128 3559 1298 3622 subjiciuntur
1316 3570 1362 3608 us·

302 3654 395 3719 quepad
408 3653 484 3703 verba
498 3668 504 3701 z
520 3671 530 3694 «
544 3665 603 3701 cum
615 3652 688 3701 lroste
701 3664 813 3714 pugnare
826 3669 849 3710 ιι,
863 3650 907 3700 ubl
927 3658 1009 3700 tamen
1027 3649 1156 3700 Ciceronis
1173 3660 1273 3697 manum
1289 3646 1362 3700 lacile

302 3757 434 3808 agnoscas.
452 3770 472 3779 -
490 3743 553 3804 537.
566 3741 661 3805 Opiuor
674 3740 877 3790 transferendum
890 3752 947 3791 esse
960 3740 1101 3790 membrum
1116 3754 1122 3787 :
1138 3759 1147 3781 ι
1161 3751 1218 3788 cnm
1234 3737 1260 3795 iu
1278 3736 1362 3785 Mace·

301 3835 376 3885 donia
389 3833 456 3884 bello
468 3832 571 3882 Persico
583 3831 656 3881 miles
667 3839 736 3880 esset
746 3850 767 3891 ι,
781 3830 927 3892 postrema
940 3847 952 3873 a
962 3830 992 3879 nd
1007 3829 1040 3877 M.
1052 3828 1130 3877 lilium
1140 3846 1163 3887 ιι,
1175 3826 1234 3889 quia
1247 3838 1295 3874 nou
1306 3836 1363 3886 pars

300 3930 355 3973 erat
366 3922 481 3985 epistolae
492 3920 561 3971 senis
573 3920 689 3980 Catonis3
701 3919 750 3969 lroc
762 3917 904 3968 membrum
921 3918 1034 3980 spurium
1051 3917 1132 3972 visum
1149 3922 1188 3964 est
1205 3912 1362 3971 Gernlrardo,

301 4011 420 4063 Schiitzio
431 4019 459 4062 et
469 4010 577 4062 Nobbio.
588 4036 620 4045 —-
631 4009 742 4059 luseram
754 4007 785 4066 ei,
805 4014 863 4069 post
883 4014 982 4071 «negat
1001 4005 1069 4055 enim
1083 4023 1106 4066 ιι,
1126 4003 1193 4067 qtrod
1213 4002 1252 4051 vir
1271 4001 1362 4051 abesse

302 4108 396 4165 potest.
1226 4124 1228 4128 ι

333 4191 386 4241 llll.
404 4191 487 4241 Malim
500 4190 587 4254 legere
600 4205 607 4239 :
623 4211 631 4235 ·
647 4204 731 4254 qaum,
744 4189 788 4252 qui
800 4188 904 4252 proprio
916 4186 1027 4244 nomine,
1040 4193 1089 4236 etc.
1101 4205 1111 4226 ι
1122 4199 1130 4244 ;
1141 4184 1235 4234 etenim
1248 4182 1312 4247 quod
1324 4181 1364 4231 ti-

303 4284 379 4334 detur
391 4281 481 4331 referri
492 4281 524 4331 ad
536 4280 606 4338 iliad,
619 4281 686 4331 unde
698 4279 780 4343 aliqua
792 4278 944 4340 ambiguitas
956 4276 1046 4326 oritur.

333 4371 398 4433 lllll,¹
410 4371 421 4433 l
432 4370 470 4420 td.
488 4370 543 4423 lam
556 4370 653 4432 pridem
664 4368 766 4431 spurius
779 4367 906 4430 plerisque
917 4365 1012 4416 criticis
1025 4364 1093 4413 visus
1105 4370 1145 4414 est
1156 4363 1228 4413 locus
1246 4373 1297 4425 quo
1309 4360 1321 4423 l
1332 4361 1363 4409 lb

1209 4479 1238 4527 tt
