3325 5159
524 583 565 647 lio
580 603 694 647 euvinus
706 603 846 648 uououuu
860 592 895 662 ll,
908 603 1055 662 xviri-xxi,
1067 592 1161 649 bil-69.
1340 592 1374 647 tt

307 730 376 779 ieras
388 740 443 777 eam
457 727 530 789 paulo
542 739 619 789 supra
632 726 654 789 (5
665 726 717 789 55),
730 733 788 789 post
801 726 878 776 verba
892 733 952 777 «est
963 726 1099 790 quaerenda
1113 726 1215 778 robis».
1231 730 1263 777 ut
1276 726 1317 775 bic
1329 739 1375 776 re*

306 816 392 879 peries
401 815 536 879 vestigium
551 814 642 877 prioris
653 814 850 877 enunciatiouis,
863 827 938 878 quam
949 815 1046 866 Tullius
1057 816 1205 877 admiserat,
1217 815 1258 866 cui
1270 815 1375 866 clausu-

307 904 358 952 lam
376 903 525 954 addiderat:
539 909 600 952 «est
617 902 686 952 euim
705 901 819 954 ellectu-iu
833 903 969 961 multarum
985 910 1012 955 et
1023 915 1170 967 magnarum
1184 902 1340 966 voluptatum
1352 918 1373 951 ιι

305 991 348 1040 rui
360 992 479 1041 clausulae
489 986 583 1041 deiude
596 990 716 1041 valedixit
727 990 761 1041 ob
772 991 878 1040 aiteram
890 970 1043 1041 ctaursulam':
1053 1013 1063 1035 ι
1073 1005 1150 1055 quum
1163 992 1269 1054 pecunia
1283 990 1373 1053 volup·

307 1085 374 1129 tates
392 1079 521 1142 pariantur
541 1079 655 1142 plurime
665 1099 688 1139 »,
700 1091 749 1143 qua
769 1079 838 1129 idem
850 1080 1017 1141 significatur.
1030 1080 1071 1130 Sic
1084 1080 1156 1131 vides
1166 1091 1245 1143 otiare
1257 1078 1283 1128 iu
1295 1079 1373 1130 alium

306 1166 392 1217 locum
415 1166 542 1229 posterior
564 1167 691 1217 sententia
714 1173 783 1217 mota
802 1165 859 1224 luit,
870 1173 898 1216 et
909 1168 977 1218 unde
989 1168 1070 1217 turbae
1080 1174 1143 1218 ortae
1154 1174 1224 1229 suut,
1232 1166 1335 1230 quibus,
1346 1167 1373 1217 ui

306 1253 389 1316 lallor,
403 1255 528 1306 medicina
541 1262 642 1319 reperta
653 1262 703 1305 est.
715 1283 746 1291 -
757 1255 817 1317 556.
830 1255 897 1304 Nibil
908 1256 1001 1307 deesse
1012 1256 1075 1306 mibi
1087 1256 1218 1307 videretur
1230 1256 1255 1306 in
1267 1262 1372 1306 senten·

306 1345 352 1404 tiu,
371 1344 474 1394 omissis
489 1344 591 1394 verbis:
605 1357 682 1395 «cum
698 1356 774 1394 eausa
784 1364 805 1401 ι,
816 1356 864 1393 scu
879 1344 975 1393 «animi
992 1356 1068 1394 causa
1079 1365 1102 1403 »‚
1114 1344 1140 1393 in
1157 1343 1251 1408 qtribus
1274 1342 1371 1394 baerent

304 1432 405 1491 critici;
423 1432 517 1482 etenim
534 1432 598 1483 satis
614 1440 655 1483 cst
672 1432 760 1483 dicere
771 1432 804 1481 de
816 1432 932 1494 sapiente
945 1432 1078 1489 dimicabit,
1095 1444 1143 1483 nec
1154 1444 1263 1483 necesse
1275 1433 1371 1484 addere

304 1533 408 1570 calisam
425 1534 482 1584 quae
498 1520 550 1583 jam
569 1521 704 1571 enunciata
716 1528 766 1583 est,
779 1534 827 1571 nec
839 1522 954 1583 modum,
967 1534 1014 1572 nec
1027 1523 1136 1572 bostem.
1148 1522 1231 1572 Verba
1240 1523 1319 1590 dubia
1329 1524 1373 1574 de-

305 1610 410 1669 bentur,
423 1610 524 1673 opinor,
541 1610 580 1661 vel
597 1610 706 1672 sobolio,
720 1611 759 1660 vel
772 1610 853 1672 ipsius
863 1610 994 1661 Ciceronis
1005 1611 1112 1669 calamo,
1124 1612 1168 1673 qui
1181 1610 1251 1674 prius
1263 1610 1371 1662 lortasse

300 1699 460 1761 scripserat:
474 1699 621 1749 «commodi
643 1699 747 1749 maximi
769 1711 845 1749 causa
857 1717 878 1759 r,
892 1712 938 1760 pro
957 1712 1068 1762 «magno
1090 1699 1176 1763 aliquo
1198 1700 1371 1751 emolumento

304 1794 449 1837 commotus
458 1804 483 1845 »ς
495 1787 618 1837 commodi
628 1788 777 1850 absorptum
789 1786 838 1837 but
850 1799 905 1837 voc.
918 1791 1063 1847 cmumotru,
1076 1787 1181 1837 maximi
1188 1793 1312 1838 mutatum
1324 1787 1372 1840 luit

304 1875 332 1924 in
344 1876 431 1925 animi.
444 1869 446 1871 ’
997 1883 998 1887 ’

336 1964 420 2025 xviii,
433 1964 445 2025 5
456 1964 499 2013 59.
511 1964 606 2015 Forsan
618 1963 707 2015 Cicero
719 1964 860 2014 hexametri
872 1963 972 2014 initium
986 1963 1065 2015 vitare
1078 1964 1157 2015 voluit
1168 1963 1279 2028 legendo
1289 1980 1296 2013 ι
1306 1965 1371 2015 «sed

304 2052 426 2116 impunite
438 2060 521 2102 tamen
532 2074 554 2102 ι.

335 2141 399 2203 ΧΙΧ,
412 2142 424 2202 §
441 2141 481 2191 llll.
500 2140 632 2203 Supemua
644 2140 813 2205 Tullianequc
825 2141 959 2205 elegantiae
972 2153 1059 2205 parum
1071 2148 1243 2192 consentanea
1255 2141 1317 2190 mibi
1331 2142 1371 2191 vi-

301 2229 397 2278 dentur
419 2231 510 2278 verba:
525 2228 586 2278 «vel
599 2231 802 2292 temperantiam,
822 2243 878 2291 quae
894 2236 934 2280 cst
945 2230 1087 2281 moderatio
1099 2230 1266 2291 cupiditatum
1279 2230 1370 2280 rationi

302 2319 429 2369 obediens
440 2333 461 2380 ·;
473 2318 595 2369 differunt
605 2318 719 2377 codices,
732 2325 785 2368 tum
797 2318 822 2367 iu
835 2320 936 2380 ordine,
950 2326 1003 2369 tum
1021 2319 1047 2368 iu
1061 2318 1197 2369 verborum
1210 2332 1328 2369 numero.
1339 2346 1370 2356 -

302 2409 315 2469 §
328 2408 368 2457 ill.
387 2407 484 2457 Addam
503 2421 561 2457 cum
581 2408 682 2458 Bremio
705 2406 856 2470 Baiteroque
874 2414 940 2469 part.
952 2407 996 2465 ito,
1009 2407 1076 2457 iuter
1087 2406 1153 2456 mab
1165 2408 1232 2456 enim
1243 2414 1270 2457 et
1281 2408 1369 2466 dicere,

278 2482 282 2489 ⁴
301 2508 359 2557 quae
376 2494 483 2545 tortasse
501 2494 609 2556 alicuius
621 2494 717 2545 librarii
730 2493 886 2557 negligentia
899 2496 996 2544 inserta
1007 2493 1055 2544 luit
1065 2495 1192 2556 superiori
1205 2508 1290 2553 versu,
1303 2495 1370 2545 inter

301 2584 361 2633 siet
376 2586 423 2642 vir,
440 2584 485 2633 ubi
508 2582 583 2634 lacile
601 2584 694 2635 abesse
710 2592 804 2647 potest.
819 2612 848 2621 —
859 2584 1015 2634 Vocabulum
1032 2585 1173 2634 cousulntvs
1184 2584 1299 2638 additum
1311 2583 1368 2644 luit,

301 2673 403 2734 opinor,
416 2673 450 2724 ob
463 2686 518 2723 voc.
531 2673 623 2735 collcpo
630 2688 640 2733 ‚·
652 2674 728 2724 velim
740 2674 856 2737 exempla
869 2674 945 2737 buius
957 2673 1086 2724 formulae:
1100 2673 1238 2737 «princeps
1249 2673 1369 2723 consula·

301 2770 344 2811 tus
352 2782 375 2810 ·.
387 2788 418 2797 -
429 2762 491 2811 Cum
503 2762 604 2812 llarisio
616 2770 643 2812 et
654 2763 780 2826 Madvigio
792 2763 889 2827 legam:
905 2776 999 2827 «quum
1011 2776 1040 2813 se
1051 2763 1190 2813 devoverat
1200 2782 1221 2811 ι.
1231 2763 1334 2811 {larvam
1342 2762 1367 2810 iu

299 2850 392 2899 talibus
403 2850 581 2900 auctoritatem
593 2850 690 2900 babent
700 2851 989 2901 codices-Haeserunt
1000 2850 1084 2901 critici
1095 2851 1120 2900 in
1133 2851 1182 2900 boc
1195 2850 1276 2900 inciso
1287 2866 1293 2897 ι
1303 2870 1314 2894 ι
1325 2850 1368 2899 ubi

301 2943 330 2987 ut
344 2950 401 2987 eam
418 2946 523 3000 caperet
533 2952 561 2999 »3
574 2938 618 2987 alii
640 2939 744 3003 legunt:
760 2939 824 2988 «rubi
847 2947 932 2989 autem
955 2947 1059 3002 caperet
1069 2953 1090 2996 »;
1103 2938 1146 2987 alii
1159 2961 1169 2982 «
1181 2952 1238 2988 nam
1255 2939 1298 2989 ubi
1310 2952 1366 2989 eam

298 3032 434 3088 caperet».
446 3025 684 3077 Omitteudumesse
697 3039 837 3089 pronomen
849 3039 913 3082 eam,
930 3027 961 3077 ad
974 3027 1042 3089 qrrod
1055 3026 1116 3074 nibil
1129 3026 1248 3087 retertur,
1262 3038 1366 3087 censeo,

297 3120 326 3164 et
337 3114 473 3178 legendum
483 3128 491 3162 z
501 3135 511 3158 ι
521 3114 566 3164 ubi
577 3114 646 3163 euim
656 3121 760 3177 caperet
770 3126 841 3177 ·,.sc.
854 3114 1011 3177 voluptates?
1022 3140 1053 3149 —-
1064 3113 1140 3165 Notus
1152 3113 1193 3163 bic
1209 3120 1249 3163 est
1262 3114 1367 3176 partici-

300 3202 380 3265 pium,
398 3202 520 3266 quoniam
533 3210 675 3267 sequuntur
691 3216 763 3255 voco.
778 3218 812 3253 er
824 3217 868 3259 eo,-
880 3204 953 3254 deest
966 3203 1044 3266 igitur
1056 3202 1189 3253 relativum
1197 3216 1271 3265 pron.
1281 3202 1367 3266 ltaque

300 3291 437 3353 legendum
448 3303 506 3341 esse
519 3298 593 3353 puto:
609 3305 674 3341 «uec
685 3291 728 3355 qui
740 3304 816 3353 porro
823 3296 859 3341 eat
872 3305 900 3341 eo
912 3300 986 3342 natus
997 3311 1018 3352 ι,
1033 3306 1078 3354 pro
1090 3304 1178 3356 uepvae.

331 3379 395 3441 xxi,
408 3379 473 3441 §dt
485 3380 562 3443 AEgrc
572 3380 689 3443 jungitur
701 3380 732 3430 iis
743 3393 800 3443 quar
819 3380 967 3443 praecedunt
979 3380 1139 3429 membrum:
1153 3380 1217 3443 «qui
1231 3380 1367 3442 voluptatis

298 3483 393 3520 nomeu
414 3470 502 3519 audire
526 3484 577 3519 ιιοιι
600 3477 704 3531 possent
715 3489 737 3528 ι,
750 3478 803 3520 tum
826 3470 860 3520 ob
879 3468 1050 3521 conditionale
1066 3474 1178 3532 poscent,
1190 3470 1257 3533 quod
1270 3470 1368 3520 monuit

298 3559 420 3621 iladvig,
434 3565 486 3609 tum
499 3558 532 3608 ob
545 3571 684 3621 pronomen
697 3560 750 3623 qui,
763 3558 831 3622 qvuod
845 3559 936 3609 referri
950 3559 1048 3609 videtur
1060 3558 1091 3608 ad
1100 3558 1286 3608 substantivum
1299 3559 1367 3608 ιιιιο-

296 3647 381 3703 ritum
398 3656 528 3711 postremo
549 3648 655 3697 verbum
674 3647 759 3697 audire
780 3647 914 3697 sententiae
928 3648 1108 3709 minusaptum
1120 3655 1170 3697 est.
1184 3648 1309 3697 Praetmea
1321 3662 1366 3708 pe-

299 3736 388 3786 riodus
399 3737 452 3800 ipsa
464 3736 608 3787 claudicare
621 3737 730 3797 videtur,
742 3737 801 3799 quia
813 3736 916 3786 breuior
928 3744 968 3787 est
979 3736 1119 3787 conclusio.
1127 3735 1366 3786 Omissobocmem·

302 3825 350 3876 bro.
368 3824 431 3874 nibil
449 3824 625 3885 desideratum
637 3832 664 3875 at
678 3825 704 3873 in
722 3838 755 3874 eo
768 3824 903 3887 vestigium
916 3824 1017 3887 reperio
1028 3823 1210 3887 soboliiiuquo
1222 3824 1364 3887 legebatur,

297 3912 484 3976 interpretandi
494 3914 575 3975 gratia
588 3913 705 3963 vocabuli
717 3912 855 3962 lortdntures
864 3926 872 3960 :
881 3933 891 3955 ι
899 3913 943 3975 qui
955 3913 1090 3975 voluptatis
1102 3926 1194 3962 nornen
1207 3912 1365 3964 brudorenou

298 4008 469 4062 possent».-
480 4002 507 4050 ln
520 4002 692 4053 deterioribus
703 4002 845 4062 codicibus,
858 4008 916 4064 post
928 4022 938 4044 ι
949 4009 1057 4066 quantum
1070 4002 1167 4056 viros».
1181 4001 1289 4064 legitur:
1300 4003 1365 4053 ‹lra-
1390 3982 1395 3996 Ι

300 4090 362 4139 bere
374 4090 477 4139 testium
490 4098 530 4139 sat
541 4097 609 4147 est»,
622 4104 678 4153 quiae
691 4090 768 4140 verba
779 4090 872 4140 merito
884 4089 987 4140 exclusa
999 4096 1067 4140 sunt.
1075 4117 1104 4125 -
1114 4090 1172 4151 §oa
1182 4090 1264 4141 Verba
1274 4106 1365 4154 «quum

297 4178 429 4228 disseras»
442 4178 504 4227 mibi
522 4178 635 4240 speciem
647 4178 739 4228 sebolii
752 4179 868 4242 prebent
878 4192 885 4238 ;
897 4176 971 4227 facile
983 4178 1052 4227 enim
1063 4177 1175 4239 suppleri
1189 4186 1304 4240 possunt,
1318 4193 1365 4229 uec

297 4280 348 4317 nou
356 4266 462 4316 auribus
473 4267 618 4328 displicent.
632 4267 790 4318 Dissentiunt
800 4267 913 4327 codices3
924 4267 969 4316 alii
981 4267 1078 4317 babent
1089 4267 1109 4316 si
1122 4268 1234 4327 disseres,
1246 4269 1290 4318 alii
1302 4270 1365 4318 deai-

295 4353 376 4403 deros.
389 4382 420 4391 -
432 4357 444 4391 i
455 4355 496 4405 69.
510 4354 650 4416 Novissima
662 4355 738 4419 buius
750 4356 841 4419 capitis
852 4356 994 4409 sententia:
1009 4357 1080 4408 «llos
1091 4358 1194 4422 quidem
1208 4358 1316 4409 virtutes
1327 4357 1364 4407 sic
