3325 5159
507 600 548 657 De
560 591 679 657 ortorum
694 612 809 658 uerunt
822 600 871 657 lll.
885 614 1046 671 xxx-xxm,
1064 602 1156 659 tt·85.
1327 603 1361 659 97

297 725 423 789 Equidem
435 724 543 775 Tullium
555 726 625 788 prius
637 726 771 789 scripsisse
783 726 916 789 suspicor:
931 747 941 770 «
956 725 1042 776 Omnis
1054 727 1132 790 igitur
1145 727 1201 777 talis
1212 739 1226 777 a
1247 727 1363 791 pbiloso-

298 814 355 875 pbia
369 813 478 876 pellatur
490 828 573 875 error,
586 822 613 864 ut
626 815 740 865 dicamus
752 815 856 877 indigna
868 815 918 865 diis
928 814 1114 866 immortalibus
1128 834 1150 875 »‚
1163 822 1189 865 et
1202 822 1290 878 postea
1302 829 1362 867 sen·

297 901 402 951 tentiam
414 902 451 951 sic
463 901 646 964 complevisse:
657 902 763 953 «Omnis
774 904 852 966 igitur
865 903 1109 967 talisapbilosopbia
1117 904 1152 953 ito
1165 903 1272 966 pellatur
1280 917 1361 962 error,

297 999 334 1051 ut,
348 1006 425 1055 quum
438 993 470 1042 de
483 993 531 1042 diis
542 992 727 1043 immortalibus
738 994 906 1055 disputamus,
919 994 1033 1043 dicamus
1044 994 1119 1057 digna
1129 994 1226 1043 natrrris
1235 993 1336 1044 talibus.
1349 1013 1359 1035 ι

297 1109 328 1117 -
340 1082 466 1131 Lacunam
479 1082 575 1132 notavit
587 1082 710 1139 Baiterus‚
722 1089 827 1132 auctore
840 1082 975 1146 Madvigio‚
988 1090 1046 1145 post
1064 1082 1141 1133 verba
1159 1102 1169 1124 «
1184 1081 1266 1146 qualis
1278 1089 1305 1132 tu
1317 1095 1363 1132 eos

298 1184 357 1221 esse
364 1172 408 1221 vis
422 1193 443 1230 ι,
456 1172 498 1235 qui
511 1171 611 1235 supplet
625 1192 635 1214 «
650 1185 701 1222 non
713 1184 770 1221 esse
782 1172 836 1222 scio
851 1192 872 1219 ».
883 1173 1045 1223 lleindorfius
1056 1172 1166 1223 addebat
1177 1172 1362 1237 proclamante

299 1260 384 1323 quales
396 1267 422 1311 et
435 1283 445 1303 ι
458 1273 598 1324 agnoscere
611 1275 661 1311 non
674 1274 777 1324 possum
791 1280 804 1306 o
818 1270 874 1323 post
888 1282 897 1304 ι
913 1274 958 1311 eos
970 1274 1028 1311 esse
1041 1262 1078 1311 vis
1097 1282 1117 1310 ι.
1136 1262 1260 1326 Equidem
1277 1261 1361 1311 malim

298 1349 414 1399 inserere
430 1369 439 1392 ι
454 1363 504 1399 non
517 1363 578 1399 vero
591 1349 655 1399 tales
670 1369 679 1392 ι
693 1350 760 1400 inter
774 1372 783 1392 «
798 1350 899 1400 discere
913 1350 1007 1412 possim
1022 1370 1031 1392 »
1046 1356 1072 1399 et
1084 1349 1176 1414 quoles.

330 1438 404 1499 XXX,
418 1439 429 1500 ἓ
441 1439 593 1502 uirgam
604 1452 661 1488 cum
674 1438 790 1489 Davisio:
807 1461 816 1483 u
830 1440 857 1488 id
873 1452 900 1490 se
918 1439 947 1499 Q.
965 1440 1053 1490 Sosius
1066 1459 1088 1493 n.
1108 1453 1153 1502 pro
1169 1439 1243 1490 codd.
1262 1439 1321 1489 lect.
1338 1446 1363 1488 ct

299 1540 346 1578 seu
359 1529 397 1577 cd.
411 1529 451 1577 Sic
464 1529 566 1591 scripsit
578 1530 670 1579 Baiter.
684 1530 710 1578 in
722 1529 786 1579 edit.
796 1529 866 1592 Lips.

330 1617 417 1679 XXXI,
430 1618 442 1680 ξ
453 1620 492 1667 77.
511 1618 601 1667 llerito
613 1618 719 1668 seclusit
730 1618 881 1682 Madvigius,
895 1632 970 1683 quern
983 1625 1107 1683 sequutus
1119 1626 1159 1668 est
1170 1618 1294 1677 Baiterus‚
1308 1632 1363 1668 ver-

299 1706 348 1755 ba:
364 1728 373 1748 ι
388 1707 419 1767 si,
433 1708 476 1770 qui
492 1707 636 1764 audierunt,
655 1708 738 1758 vitiosi
754 1716 841 1757 essent
858 1708 1007 1769 discessuri,
1025 1708 1092 1772 quod
1111 1720 1232 1770 perverse
1250 1707 1365 1770 philoso-

299 1796 407 1858 phorum
420 1796 616 1858 disputationem
629 1797 858 1859 interpretarentur
873 1816 894 1857 l,
908 1796 1039 1860 inquibus
1055 1796 1162 1858 geminae
1179 1796 1365 1845 enunciationis

300 1886 405 1949 vestigia
418 1886 504 1949 potius
516 1886 600 1948 video,
614 1898 689 1950 quam
700 1887 891 1937 adnotationem
904 1900 959 1950 quae
972 1900 986 1936 e
998 1886 1113 1949 margine
1126 1886 1151 1934 in
1165 1892 1262 1935 textum
1281 1884 1366 1947 irrep—

298 1975 371 2025 serit.
384 1974 426 2024 Sic
438 1974 501 2032 iere,
514 1974 614 2036 opinor,
627 1974 723 2025 Tullius
734 1976 885 2025 senteutiam
899 1975 969 2037 prius
987 1975 1189 2039 perscripserat:
1205 1996 1214 2018 ι
1228 1974 1273 2032 Ut,
1286 1974 1309 2023 si
1322 1987 1365 2023 ve-

299 2078 356 2115 rum
368 2071 446 2121 esset,
459 2066 527 2127 quod
539 2063 623 2113 Aristo
635 2064 712 2114 Chius
723 2065 810 2115 dicere
829 2064 939 2127 solebat,
959 2078 1053 2115 nocere
1069 2065 1233 2115 audientibus
1250 2064 1365 2127 pbiloso-

299 2154 402 2217 phos-
411 2166 486 2216 posse
498 2153 566 2203 enim
578 2159 664 2203 asotos
676 2166 708 2203 ex
726 2154 857 2217 Aristippi,
874 2153 982 2204 acerbos
993 2166 1008 2204 e
1020 2154 1128 2205 Zenonis
1147 2154 1232 2205 schola
1251 2154 1322 2204 exire
1334 2180 1364 2189 -

299 2255 405 2305 prorsus
425 2249 509 2293 tacere
531 2248 661 2305 praestaret
677 2242 844 2305 philosophis,
862 2256 904 2304 ue,
923 2243 945 2292 si
961 2243 1005 2306 qui
1021 2243 1159 2305 audierint,
1177 2242 1262 2293 vitiosi
1278 2248 1365 2292 essent

298 2331 448 2392 discessuri,
461 2331 528 2394 quod
542 2344 662 2394 perverse
676 2330 885 2394 pbilosophorum
898 2332 1095 2394 disputationem
1103 2332 1342 2394 interpretarentur.
1353 2352 1363 2373 »

300 2420 395 2483 Legem
406 2427 492 2469 autem
503 2433 561 2469 cum
573 2419 710 2477 lambino,
722 2420 748 2468 in
760 2419 839 2470 altera
852 2420 986 2470 sententiae
998 2419 1094 2470 forma:
1117 2441 1127 2463 ι
1142 2427 1227 2470 tacere
1244 2427 1364 2483 praestare

300 2508 460 2572 philosophos
472 2522 546 2573 quarn
558 2509 590 2558 iis
602 2510 685 2572 quise
697 2510 828 2559 audissent
840 2523 943 2569 nocere,
957 2530 968 2553 ι
981 2510 1012 2560 ad
1027 2511 1152 2560 vitandam
1163 2510 1365 2574 ambiguitatem.

331 2597 429 2658 XXXll,
442 2599 454 2659 ξ
466 2597 505 2647 79.
523 2598 607 2647 ilalim
619 2598 705 2661 legere
717 2611 775 2648 cum
787 2600 845 2671 cod.
858 2600 885 2649 C.
898 2616 911 2643 r
920 2602 947 2648 ot
958 2599 984 2649 di
998 2599 1113 2650 bomines
1121 2599 1251 2663 negligant
1261 2619 1283 2659 r,
1296 2598 1363 2663 quod

299 2688 338 2738 sic
349 2688 505 2751 intelligam:
520 2706 531 2730 a
545 2695 573 2737 ut
585 2695 710 2738 monstret
721 2687 788 2751 quod
802 2688 828 2738 di
840 2688 957 2739 homines
974 2688 1106 2753 negligunt
1120 2707 1143 2751 »,
1163 2702 1221 2752 quae
1236 2688 1363 2739 sententia

298 2778 399 2828 facilins
410 2778 542 2841 suppletur
553 2791 627 2842 quarn
645 2779 693 2828 ista
710 2777 796 2827 Orellii
811 2779 955 2829 enarratio:
976 2793 1045 2829 «cur
1061 2786 1130 2830 recte
1146 2778 1267 2829 affirmari
1284 2779 1364 2842 possit

297 2869 439 2919 bominesa
452 2870 493 2919 dis
504 2869 600 2932 negligi
614 2889 634 2916 ι.
649 2869 751 2918 Etenim
763 2881 813 2919 non
825 2869 857 2919 de
870 2883 944 2919 causa
956 2869 1042 2932 agitur
1054 2881 1102 2919 nec
1114 2870 1146 2920 de
1159 2869 1262 2927 ratione,
1275 2869 1321 2919 sed
1330 2869 1363 2920 de

297 2957 372 3019 [acto.
385 2958 491 3019 -§81.
504 2957 601 3008 Abesse
613 2964 700 3019 posset
715 2957 820 3007 verbum
832 2971 1028 3007 commemorem.
1280 2995 1286 3005 .

331 3045 438 3107 XXXIV,
451 3048 463 3108 ξ
474 3047 514 3096 ct.
533 3045 617 3096 Malim
628 3059 731 3095 servare
743 3046 814 3108 guod,
828 3054 887 3109 post
901 3066 912 3089 ι
924 3046 950 3094 in
963 3045 1056 3110 quibus
1071 3066 1092 3106 ι,
1105 3046 1163 3110 quia
1176 3044 1218 3095 hic
1234 3046 1317 3109 agitur
1332 3045 1363 3095 de

299 3147 374 3183 causa
386 3146 463 3197 quare
475 3134 513 3183 sic
526 3134 659 3198 Dionysius
671 3134 790 3198 loquutus
801 3143 851 3193 est,
865 3148 914 3185 nou
927 3135 959 3185 de
970 3148 1029 3184 casu
1037 3148 1087 3199 quo
1096 3135 1139 3185 tali
1147 3142 1234 3185 essent
1242 3135 1364 3197 inscripto

299 3230 388 3273 ornata
401 3223 517 3273 delubra.
530 3252 560 3259 —
573 3225 733 3287 Supervacua
746 3224 807 3273 mibi
820 3225 948 3283 videntur,
962 3233 991 3274 et
1004 3231 1057 3275 tum
1068 3226 1183 3284 auribus,
1196 3232 1248 3275 tum
1260 3225 1367 3288 elegan-

301 3312 342 3361 tiae
353 3314 479 3363 contraria
493 3313 585 3363 verba:
601 3335 611 3357 ι
625 3314 651 3363 in
663 3316 727 3365 deos
738 3314 764 3363 in
778 3314 896 3364 homines
907 3333 927 3361 ».

332 3401 426 3450 XXXV.
446 3403 505 3452 Post
516 3408 555 3452 tot
566 3403 721 3462 criticorum,
736 3410 788 3453 tum
801 3410 927 3465 veterum,
942 3409 995 3463 turn
1006 3403 1177 3453 recentiorum
1193 3402 1364 3464 conjecturas,

299 3503 391 3540 novam
404 3491 466 3541 mibi
478 3492 553 3542 liceat
566 3505 724 3555 proponere3
739 3505 784 3553 pro
794 3499 912 3555 corrupta
925 3492 1042 3542 codicum
1057 3491 1182 3541 lectione:
1196 3509 1209 3536 u
1221 3491 1247 3540 in
1265 3491 1365 3554 typani-

299 3580 341 3630 dis
353 3593 442 3643 rogum
454 3580 547 3630 inlatus
559 3588 599 3629 est
608 3601 630 3641 ι,
643 3581 759 3644 suspicor
770 3581 907 3644 legendum
921 3594 996 3632 esse:
1012 3582 1127 3631 «cunctis
1136 3581 1266 3644 pauidieic
1274 3593 1365 3643 rogum

300 3668 394 3743 inlatus
405 3676 446 3719 est
459 3689 469 3711 »
481 3685 488 3730 ;
501 3670 600 3720 etiamsi
611 3669 663 3731 adj.
677 3670 780 3734 pavidus
798 3671 865 3734 apud
884 3672 1033 3721 Ciceronem
1050 3684 1099 3722 non
1115 3670 1222 3733 legatur.
1239 3670 1364 3731 balterus,

300 3759 441 3809 secundum
454 3760 529 3810 codd.
542 3759 569 3807 in
580 3759 621 3809 ed.
634 3760 694 3808 Tur.
708 3760 834 3821 scripsit«
848 3760 874 3808 in
887 3760 1012 3823 typanidis
1024 3772 1145 3822 rogum»,
1159 3772 1216 3809 cum
1229 3765 1366 3820 corrupte·

300 3848 332 3897 lae
343 3848 432 3912 signo;
445 3850 470 3898 in
483 3849 544 3899 edit.
557 3849 627 3910 Lips.
635 3848 836 3909 circumscripsit
848 3861 904 3898 voc.
912 3848 1058 3911 tyrannidis,
1070 3847 1139 3911 quod
1150 3846 1175 3895 ei
1186 3845 1312 3909 glossema
1325 3846 1364 3895 vi·

299 3938 376 3988 detur
388 3938 419 3987 ad
434 3951 457 3987 v.
476 3941 631 4001 potestatem.
645 3937 829 3987 Sclroemanuus
845 3936 1013 3999 conjiciebat:
1036 3957 1046 3980 ι
1061 3942 1087 3985 et
1104 3935 1243 3998 impunitus
1259 3948 1322 3997 rogo
1336 3949 1365 3996 »ς

299 4029 389 4077 revera
403 4026 443 4076 vix
456 4027 548 4077 deesse
562 4033 645 4090 potest
655 4026 752 4076 mentio
773 4026 826 4075 sive
848 4027 954 4076 deorum
973 4024 1143 4088 negligentiae,
1163 4023 1217 4073 sive
1236 4023 1366 4073 bominum

300 4116 421 4179 stuporis.
435 4144 466 4152 -
477 4117 491 4181 ᾖ
502 4117 542 4167 85.
556 4117 640 4166 llalim
653 4116 739 4180 legere
752 4116 873 4166 destinato
886 4129 931 4179 pro
947 4115 1081 4178 designata.
1095 4140 1123 4149 -—
1136 4114 1192 4163 lam
1205 4113 1302 4176 pridem
1316 4113 1368 4163 Bu-

300 4205 391 4256 herlus
402 4206 532 4256 abundare
545 4207 644 4257 viderat
655 4205 750 4257 verba:
765 4227 775 4249 ι
788 4206 815 4255 in
828 4206 945 4256 homines
958 4225 968 4248 ι
980 4221 987 4263 ;
999 4203 1041 4253 illa
1055 4204 1133 4253 tuitus
1148 4209 1188 4253 est
1205 4202 1329 4263 Orellius,
1341 4209 1367 4251 at

301 4294 428 4359 iladvigio
446 4302 550 4346 auctore
568 4295 674 4346 seclusit
693 4295 816 4345 Baiterus.
828 4320 860 4333 -
880 4296 966 4345 Nonne
985 4293 1140 4358 legendum:
1154 4312 1166 4337 ι
1179 4292 1206 4341 in
1217 4304 1249 4343 eo
1263 4289 1293 4338 »i
1310 4290 1365 4365 soil.

1212 4382 1242 4429 13
