3325 5159
550 568 1119 638 barnuinusaononuul,x·ur1‚33-tt.
1333 573 1364 625 tr
1435 547 1466 619 ⁸.

297 693 427 750 connecti,
440 692 483 741 ubi
495 692 581 754 legast
595 709 608 736 a
620 693 728 741 atterum
740 703 797 741 esse
809 692 980 754 appetendum
991 710 1013 753 r,
1027 692 1075 743 etsi
1087 693 1171 755 agitur
1182 692 1215 743 dc
1227 693 1365 757 uoluptate:
1411 761 1414 766 Ι

297 781 450 831 insolentius
468 781 535 830 diei:
550 799 561 823 ι
575 781 660 830 animo
672 793 701 829 ac
715 781 813 831 ratione
824 798 847 841 ι,
860 793 937 844 quum
951 781 1044 832 mentis
1056 781 1169 831 rationes
1180 781 1364 845 intelligantur,

298 869 368 932 quod
387 868 485 919 monuit
501 868 659 931 liadrigius3
679 875 811 930 praeterea,
828 867 919 929 utiam
931 868 1052 930 diximus,
1064 867 1139 929 hujus
1151 868 1287 919 sentcntiae
1298 870 1366 919 clau-

298 959 354 1007 sula
371 959 438 1021 apud
457 959 592 1022 plerosque
610 959 713 1008 codices
730 965 788 1020 post
800 958 895 1008 verba:
908 976 921 1003 r
933 972 948 1009 a
960 966 1049 1009 natura
1060 960 1115 1022 ipsa
1127 960 1233 1011 iudicari
1246 979 1259 1005 n
1271 961 1365 1024 legitur

300 1047 362 1108 530,
371 1047 439 1109 quod
447 1046 533 1097 ell'ecit
546 1046 762 1097 homoteleuton
775 1047 892 1109 ejusdem
905 1047 994 1108 verbi3
1014 1049 1081 1098 unde
1094 1055 1181 1109 postea
1194 1048 1307 1099 additum
1319 1048 1366 1099 luit

298 1135 397 1185 colon:
414 1154 427 1180 ι
439 1137 487 1187 sed
505 1136 590 1186 animo
607 1136 685 1186 etlam
701 1148 731 1185 ac
750 1135 850 1186 ratione
868 1135 978 1199 intelligi
996 1148 1072 1199 posse
1081 1154 1103 1194 a,
1116 1136 1184 1200 quod
1200 1136 1252 1199 iam
1267 1137 1316 1187 alia
1331 1138 1365 1187 de

298 1236 375 1275 causa
386 1231 532 1287 suspectum
545 1232 594 1274 est.
614 1224 728 1288 mulque
745 1224 769 1273 si
780 1224 884 1274 omittas
894 1231 923 1274 et
933 1224 982 1275 boc
994 1224 1068 1275 colon
1086 1231 1114 1273 et
1128 1236 1159 1273 ea
1176 1238 1233 1287 que
1250 1237 1366 1289 smann-

300 1320 352 1373 tur,
372 1325 452 1376 usquc
467 1313 500 1363 ad
516 1326 572 1363 voc.
584 1313 740 1377 sumendum,
753 1313 857 1363 minime
869 1313 1021 1363 claudicabit
1031 1312 1129 1371 orati03
1141 1313 1193 1363 imo
1204 1313 1295 1365 melius
1307 1327 1366 1375 pro-

298 1400 376 1450 cedet
386 1399 517 1463 magisque
529 1400 663 1463 perspicua
677 1400 729 1460 liet,
743 1400 854 1463 legendo
865 1400 951 1451 statim
964 1408 1022 1463 post
1035 1420 1044 1443 ·
1055 1411 1133 1450 sensu
1145 1400 1252 1451 iudicari
1261 1419 1284 1461 r,
1298 1420 1308 1443 u
1320 1401 1366 1449 lta-

299 1500 351 1550 qtrc
361 1488 442 1549 aiunt,
454 1496 505 1538 etc.
519 1506 532 1532 ι

332 1576 363 1638 Χ,
375 1577 437 1640 §33-
458 1578 582 1628 ranicula
600 1583 633 1640 ct,
651 1578 802 1629 anteverba
815 1583 858 1628 aut
870 1578 965 1641 affluis,
977 1579 1060 1629 aliena
1073 1579 1174 1629 videtur
1185 1578 1313 1642 plerisque
1324 1579 1365 1629 in·

301 1666 458 1728 ter-pretibus
476 1674 552 1730 atque
569 1668 675 1730 criticis,
691 1679 772 1730 quare
791 1678 847 1718 eam
861 1667 998 1717 Lambinus
1009 1666 1122 1727 delerit,
1134 1673 1159 1715 at
1171 1673 1256 1717 tuetur
1268 1666 1365 1717 iladvi-

299 1754 358 1816 gius
375 1754 503 1816 subtilius,
521 1756 622 1818 opinor,
635 1767 710 1818 quarn
722 1756 824 1816 retius;
837 1756 921 1806 locum
932 1756 1095 1818 usurpavisse
1107 1755 1170 1805 mibi
1181 1755 1281 1805 videtur
1292 1768 1379 1806 oom-.

300 1842 388 1903 pendit
400 1843 470 1893 rocis
480 1844 581 1893 scilicet.
593 1870 624 1880 -
636 1844 651 1907 5
662 1844 702 1893 at.
715 1843 769 1894 lton
782 1845 920 1906 legendnm
931 1843 1042 1893 arbitror
1054 1843 1227 1907 uoluptatibus,
1241 1856 1286 1906 pro
1299 1844 1366 1893 utiti-

299 1931 400 1993 tatr'bus,
424 1932 492 1994 quod
519 1931 616 1983 babent
638 1933 743 1983 codices
768 1945 868 1992 omnes,
890 1933 937 1983 sed
964 1932 1111 1983 addendum
1136 1932 1188 1994 adj.
1201 1932 1314 1996 publicis,
1338 1939 1366 1982 ut

300 2019 456 2080 respoudeat
474 2021 641 2071 «commodis
660 2022 712 2070 arar
726 2039 749 2073 ι.
763 2021 854 2071 Latent
873 2020 992 2081 tortasse,
1011 2022 1037 2070 in
1049 2033 1105 2071 voc.
1123 2021 1276 2083 utilitatibus,
1289 2033 1366 2071 voces

294 2105 402 2169 niloticis
416 2107 552 2157 rationibus
571 2121 616 2171 per
634 2110 784 2171 compendia
804 2110 1125 2172 scriptae.-nttquantum
1142 2109 1289 2170 discrepare
1308 2120 1366 2157 cum

299 2194 397 2259 reliqua
408 2196 524 2246 oratione
536 2196 655 2246 videntur
667 2197 761 2249 verba:
777 2205 824 2247 ·ut
844 2198 877 2247 ita
895 2206 969 2248 ruant
987 2198 1073 2261 itaque
1090 2197 1203 2258 turbent,
1216 2204 1253 2258 ut,
1274 2204 1324 2245 etc.
1335 2215 1347 2238 r
1362 2210 1369 2255 ;

297 2284 393 2345 duplex
405 2296 467 2334 usus
478 2284 607 2346 particulae
616 2289 642 2335 ut
652 2284 678 2333 ln
691 2292 742 2334 tam
753 2285 826 2335 brevi
838 2286 944 2348 periodo
954 2286 1084 2348 displicet3
1094 2286 1197 2335 codices
1205 2285 1272 2334 inter
1280 2297 1366 2334 senon

297 2372 472 2433 consentiunt,
484 2385 532 2422 uec
543 2372 627 2423 cridci
638 2373 820 2422 tentaminibus
831 2373 1019 2423 abstinuerunt.
1034 2374 1151 2422 Fortasse
1159 2372 1309 2436 legendnm:
1321 2376 1367 2420 «ut

298 2460 344 2509 etsi
360 2468 435 2511 urant
448 2462 536 2525 iraque
548 2460 698 2522 turbentur,
712 2473 799 2513 earum
813 2468 907 2522 motuS,
920 2467 970 2511 etc.
981 2479 993 2505 ι
1006 2460 1136 2511 Posterius
1148 2464 1176 2509 ut
1187 2467 1271 2510 ortum
1283 2465 1323 2510 est
1335 2472 1366 2509 er

299 2547 350 2598 line
367 2548 440 2599 verbi
452 2550 589 2598 turbentur.

331 2636 373 2698 xl,
385 2638 397 2699 i
408 2636 449 2687 37.
472 2636 553 2687 Verba
569 2650 665 2700 uquum
684 2638 813 2699 privamur
831 2638 940 2688 dolore»
955 2650 1006 2688 nou
1018 2638 1101 2688 solum
1113 2636 1254 2686 orationem
1268 2636 1368 2685 tardant

297 2726 355 2775 sine
366 2726 419 2776 ullo
429 2726 564 2776 sententiae
575 2725 668 2787 fructu,
680 2727 728 2777 sed
739 2726 816 2776 etiam
827 2727 955 2789 quoddam
966 2727 1090 2777 absonum
1102 2726 1257 2789 exprimunt.
1268 2725 1330 2776 Cod.
1349 2726 1367 2773 B

298 2814 369 2864 addit
388 2814 465 2876 omui,
487 2814 556 2876 quod
576 2813 737 2864 emblematis
753 2814 856 2876 signum
874 2820 923 2863 est.
936 2840 967 2851 -
979 2814 992 2875 ς
1003 2814 1046 2864 38.
1058 2814 1119 2873 Quis
1139 2813 1220 2863 lector
1231 2813 1321 2875 possit,
1340 2820 1368 2862 ut

299 2902 354 2952 vult
375 2902 525 2965 lladrigius,
548 2902 643 2953 trabere
663 2915 709 2965 pro
726 2901 845 2965 subiecto
857 2902 929 2952 verbi
945 2907 1047 2960 cureret,
1060 2903 1122 2951 illud
1134 2902 1265 2965 ipauru,‚id
1277 2906 1327 2961 cst,
1340 2907 1368 2951 ut

298 2992 491 3054 interpretatur,
503 2990 526 3040 is
536 2991 592 3053 ipse
602 2997 683 3041 status
694 2991 739 3053 qui
749 2990 807 3039 aliis
818 2990 919 3040 medius
932 2990 1032 3040 videtur
1040 2989 1149 3040 literius
1160 2997 1187 3041 et
1200 2990 1367 3052 planiusmilri

300 3080 401 3130 videtur
416 3092 475 3129 oum
487 3078 593 3131 liorello
604 3087 631 3130 et
642 3079 754 3129 ltanutio
765 3079 917 3142 legendum·
930 3098 942 3122 ι
957 3078 1027 3127 omni
1038 3078 1127 3129 dolore
1138 3091 1227 3128 carere
1235 3098 1257 3139 a,
1273 3079 1369 3130 omisso

298 3182 367 3228 cum,
378 3169 447 3233 quod
457 3168 568 3219 abestis
585 3169 644 3219 cod.
657 3168 686 3218 b.
699 3194 730 3204 -
740 3168 753 3229 i
764 3167 804 3219 39.
816 3166 925 3218 (lodices
937 3166 1026 3230 optimi
1038 3167 1099 3217 dant
1110 3166 1252 3221 umdeuter
1264 3179 1369 3216 correc-

300 3257 397 3307 tionem
414 3255 520 3306 lianutii
537 3256 654 3306 irridente
676 3255 769 3306 merito
787 3256 897 3319 praetulit
910 3256 1034 3306 Baiterus.
1047 3256 1143 3306 -Non
1156 3255 1280 3306 satisfacit
1291 3256 1369 3306 lectio

298 3358 376 3409 quam
386 3345 489 3396 admisit
499 3344 610 3408 iladvig.
629 3364 642 3389 α
655 3357 703 3395 nce
715 3345 764 3395 ulla
782 3357 840 3408 pars
851 3364 861 3387 ι
874 3357 906 3395 cu
919 3345 995 3395 codd.
1009 3344 1060 3393 Pal.
1074 3344 1084 3393 l
1100 3351 1128 3394 et
1140 3344 1194 3393 liri.
1206 3356 1316 3407 quorum
1327 3343 1368 3392 al-

300 3442 341 3485 ter
351 3434 396 3485 dat
409 3456 419 3477 ·
433 3448 478 3484 uec
491 3433 543 3483 ullo
551 3448 600 3497 pur
613 3453 636 3494 ι,
649 3433 714 3484 alter
727 3453 737 3476 ι
752 3437 778 3483 ut
789 3434 843 3482 ulto
852 3447 913 3497 pura
929 3454 951 3483 ».
963 3432 1094 3483 Obscurus
1105 3440 1147 3482 est
1157 3444 1249 3482 sensus
1262 3431 1311 3481 nisi
1322 3432 1370 3480 ad-

299 3523 346 3574 das
357 3525 476 3586 corporis,
497 3529 524 3573 et
545 3522 620 3572 iacile
631 3521 782 3584 intelligitur
794 3533 870 3584 posse
882 3520 933 3571 diei
944 3521 977 3571 de
988 3520 1078 3584 quavis
1089 3520 1206 3583 corporis
1218 3526 1289 3582 parte
1301 3518 1369 3581 quod

299 3612 333 3662 de
344 3624 420 3662 mauu
431 3611 526 3663 dicitur
536 3611 563 3661 in
574 3612 622 3661 bac
632 3610 770 3661 sententia.
783 3610 839 3660 lloc
850 3610 958 3660 incisum
971 3616 1054 3659 ortum
1062 3620 1120 3659 csse
1132 3608 1248 3671 suspicor
1256 3607 1370 3658 exsulto·

300 3700 335 3749 lio
351 3700 420 3763 quod
442 3700 468 3749 iu
489 3698 547 3749 aliis
568 3698 711 3757 codicibus,
733 3718 744 3740 ι
759 3710 807 3747 nec
818 3696 869 3746 ulla
882 3709 941 3759 pars
955 3717 964 3739 ι
978 3688 1369 3759 legebatur,inaliis1autalia

301 3800 360 3851 pars
373 3809 395 3847 ι,
410 3795 438 3838 et
455 3788 528 3852 cujus
539 3788 565 3837 ln
576 3793 674 3837 textum
692 3786 814 3836 admissio
824 3785 954 3845 absorpsit
967 3798 1022 3835 voc.
1035 3785 1097 3835 sota.
1107 3784 1203 3846 Opinor
1215 3782 1368 3845 tegendum:

302 3897 313 3919 ι
326 3878 380 3926 roto
387 3877 513 3927 vacuitate
524 3877 621 3927 doloris
630 3894 652 3936 ι,
664 3876 733 3939 quod
746 3876 813 3925 bene
825 3874 945 3937 congruit
956 3886 1014 3923 cum
1027 3873 1123 3935 reliqua
1136 3870 1280 3921 sententia:
1296 3869 1369 3919 «stne

300 3965 412 4016 iucundo
422 3972 493 4017 motu
505 3964 652 4027 voluptatis.
669 3984 679 4006 ·

329 4053 384 4114 llll,
396 4054 409 4116 i
420 4055 461 4104 tt.
473 4054 597 4104 libenter
604 4053 730 4103 assentiar
740 4052 786 4101 Tb.
797 4051 922 4111 Bentleio‚
936 4050 1047 4110 travisio,
1058 4047 1186 4105 Walkero,
1196 4046 1370 4097 Bremioaliis-

300 4150 350 4200 que
361 4137 436 4187 istam
447 4137 598 4188 clausulam:
607 4155 620 4180 r
633 4136 675 4187 cui
687 4135 821 4186 sententiar
831 4141 1031 4184 consentaneum
1043 4141 1085 4183 est
1097 4132 1280 4182 ultimumesse
1289 4131 1372 4181 bono·

301 4236 357 4273 rum
380 4238 439 4276 cum
461 4225 590 4288 voluptate
610 4225 725 4284 vivere»,
744 4223 947 4286 repudiantibus,
967 4221 1039 4284 quasi
1060 4220 1093 4271 ab
1112 4220 1161 4271 boc
1179 4220 1235 4270 loco
1251 4219 1370 4268 alienam.

299 4312 369 4363 ldent
387 4314 506 4375 opinatur
523 4313 674 4376 lladvigius,
687 4312 733 4361 scd
746 4319 831 4361 servat
843 4311 927 4361 locum
939 4323 1016 4374 quoru
1033 4317 1118 4360 tutetur
1130 4308 1265 4371 exemplis,
1278 4306 1371 4376 quibus

1234 4411 1247 4454 a
