<?xml version="1.0" encoding="UTF-8"?>
<!DOCTYPE html PUBLIC "-//W3C//DTD XHTML 1.0 Transitional//EN"
    "http://www.w3.org/TR/xhtml1/DTD/xhtml1-transitional.dtd">
<html xmlns="http://www.w3.org/1999/xhtml" xml:lang="en" lang="en">
 <head>
  <title>
</title>
<meta http-equiv="Content-Type" content="text/html;charset=utf-8" />
  <meta name='ocr-system' content='tesseract 3.04.00' />
  <meta name='ocr-capabilities' content='ocr_page ocr_carea ocr_par ocr_line ocrx_word'/>
</head>
<body>
  <div class='ocr_page' id='page_1' title='image "./inciceronislibr00vaucgoog_0046.png"; bbox 0 0 3325 5159; ppageno 0'>
   <div class='ocr_carea' id='block_1_1' title="bbox 296 568 1139 642">
    <p class='ocr_par' dir='ltr' id='par_1_1' title="bbox 296 568 1139 642">
     <span class='ocr_line' id='line_1_1' title="bbox 296 568 1139 642; baseline 0.008 -18"><span class='ocrx_word' id='word_1_1' title='bbox 296 568 331 627; x_wconf 86' lang='lat'><strong>38</strong></span> <span class='ocrx_word' id='word_1_2' title='bbox 513 569 555 627; x_wconf 83' lang='lat' dir='ltr'><strong>liu</strong></span> <span class='ocrx_word' id='word_1_3' title='bbox 568 582 682 627; x_wconf 87' lang='lat' dir='ltr'><strong>rturnus</strong></span> <span class='ocrx_word' id='word_1_4' title='bbox 694 583 832 628; x_wconf 86' lang='lat' dir='ltr'><strong>nononuu</strong></span> <span class='ocrx_word' id='word_1_5' title='bbox 846 572 894 641; x_wconf 92' lang='lat' dir='ltr'><strong>lll,</strong></span> <span class='ocrx_word' id='word_1_6' title='bbox 909 585 1028 642; x_wconf 84' lang='lat' dir='ltr'><strong>xiv-xvi,</strong></span> <span class='ocrx_word' id='word_1_7' title='bbox 1043 575 1139 631; x_wconf 69' lang='lat' dir='ltr'><strong>l3-553</strong></span> 
     </span>
    </p>
   </div>
   <div class='ocr_carea' id='block_1_2' title="bbox 296 706 1422 4430">
    <p class='ocr_par' dir='ltr' id='par_1_2' title="bbox 296 706 1358 1663">
     <span class='ocr_line' id='line_1_2' title="bbox 296 706 1356 775; baseline 0.008 -21"><span class='ocrx_word' id='word_1_8' title='bbox 296 706 481 755; x_wconf 78' lang='lat' dir='ltr'><strong>correctionem</strong></span> <span class='ocrx_word' id='word_1_9' title='bbox 493 706 592 755; x_wconf 83' lang='lat' dir='ltr'><strong>illorum</strong></span> <span class='ocrx_word' id='word_1_10' title='bbox 604 707 722 770; x_wconf 86' lang='lat' dir='ltr'><strong>legentis,</strong></span> <span class='ocrx_word' id='word_1_11' title='bbox 735 722 766 758; x_wconf 82' lang='lat' dir='ltr'><strong>ex</strong></span> <span class='ocrx_word' id='word_1_12' title='bbox 778 709 789 770; x_wconf 68' lang='grc' dir='ltr'><strong>ξ</strong></span> <span class='ocrx_word' id='word_1_13' title='bbox 801 711 842 769; x_wconf 83' lang='lat' dir='ltr'><strong>l8,</strong></span> <span class='ocrx_word' id='word_1_14' title='bbox 855 709 1012 759; x_wconf 87' lang='lat' dir='ltr'><strong>admiserunt</strong></span> <span class='ocrx_word' id='word_1_15' title='bbox 1025 711 1137 773; x_wconf 78' lang='lat' dir='ltr'>plerique</span> <span class='ocrx_word' id='word_1_16' title='bbox 1150 711 1240 761; x_wconf 87' lang='lat' dir='ltr'><strong>critici.</strong></span> <span class='ocrx_word' id='word_1_17' title='bbox 1250 739 1278 748; x_wconf 87' lang='lat'>—</span> <span class='ocrx_word' id='word_1_18' title='bbox 1293 713 1356 775; x_wconf 68' lang='lat' dir='ltr'><strong>§ts</strong></span> 
     </span>
     <span class='ocr_line' id='line_1_3' title="bbox 297 796 1358 867; baseline 0.008 -24"><span class='ocrx_word' id='word_1_19' title='bbox 297 796 392 845; x_wconf 89' lang='lat' dir='ltr'><strong>llorum</strong></span> <span class='ocrx_word' id='word_1_20' title='bbox 404 796 538 858; x_wconf 86' lang='lat' dir='ltr'><strong>geminatae</strong></span> <span class='ocrx_word' id='word_1_21' title='bbox 556 798 738 847; x_wconf 69' lang='lat' dir='ltr'><strong>enuntiationis</strong></span> <span class='ocrx_word' id='word_1_22' title='bbox 754 799 897 861; x_wconf 74' lang='lat' dir='ltr'><strong>exemplum</strong></span> <span class='ocrx_word' id='word_1_23' title='bbox 918 800 1013 860; x_wconf 86' lang='lat' dir='ltr'><strong>praebet</strong></span> <span class='ocrx_word' id='word_1_24' title='bbox 1026 801 1078 849; x_wconf 83' lang='lat' dir='ltr'><strong>btcc</strong></span> <span class='ocrx_word' id='word_1_25' title='bbox 1091 806 1118 867; x_wconf 65' lang='lat'><strong>5,</strong></span> <span class='ocrx_word' id='word_1_26' title='bbox 1137 802 1203 864; x_wconf 92' lang='lat' dir='ltr'><strong>quod</strong></span> <span class='ocrx_word' id='word_1_27' title='bbox 1217 815 1249 850; x_wconf 86' lang='lat' dir='ltr'><strong>ex</strong></span> <span class='ocrx_word' id='word_1_28' title='bbox 1262 803 1358 864; x_wconf 90' lang='lat' dir='ltr'><strong>duplici</strong></span> 
     </span>
     <span class='ocr_line' id='line_1_4' title="bbox 296 887 1357 953; baseline 0.007 -22"><span class='ocrx_word' id='word_1_29' title='bbox 296 890 323 932; x_wconf 86' lang='lat' dir='ltr'><strong>ul</strong></span> <span class='ocrx_word' id='word_1_30' title='bbox 336 893 439 947; x_wconf 87' lang='lat' dir='ltr'><strong>apparet</strong></span> <span class='ocrx_word' id='word_1_31' title='bbox 458 894 483 935; x_wconf 86' lang='lat' dir='ltr'><strong>et</strong></span> <span class='ocrx_word' id='word_1_32' title='bbox 496 887 673 948; x_wconf 89' lang='lat' dir='ltr'><strong>particularum</strong></span> <span class='ocrx_word' id='word_1_33' title='bbox 692 889 853 950; x_wconf 76' lang='lat' dir='ltr'><strong>copulatione</strong></span> <span class='ocrx_word' id='word_1_34' title='bbox 870 890 891 938; x_wconf 82' lang='lat' dir='ltr'><strong>si</strong></span> <span class='ocrx_word' id='word_1_35' title='bbox 902 896 928 938; x_wconf 87' lang='lat' dir='ltr'><strong>ct</strong></span> <span class='ocrx_word' id='word_1_36' title='bbox 939 903 1010 951; x_wconf 84' lang='lat' dir='ltr'><strong>cum,</strong></span> <span class='ocrx_word' id='word_1_37' title='bbox 1027 902 1133 953; x_wconf 74' lang='lat' dir='ltr'><strong>(quarum</strong></span> <span class='ocrx_word' id='word_1_38' title='bbox 1145 891 1222 940; x_wconf 89' lang='lat' dir='ltr'><strong>altera</strong></span> <span class='ocrx_word' id='word_1_39' title='bbox 1234 891 1357 941; x_wconf 87' lang='lat' dir='ltr'><strong>abundat.</strong></span> 
     </span>
     <span class='ocr_line' id='line_1_5' title="bbox 296 974 1358 1041; baseline 0.006 -19"><span class='ocrx_word' id='word_1_40' title='bbox 296 974 419 1023; x_wconf 82' lang='lat' dir='ltr'><strong>Alterutra</strong></span> <span class='ocrx_word' id='word_1_41' title='bbox 436 978 562 1026; x_wconf 87' lang='lat' dir='ltr'><strong>sententia</strong></span> <span class='ocrx_word' id='word_1_42' title='bbox 582 976 697 1039; x_wconf 89' lang='lat' dir='ltr'><strong>eligenda</strong></span> <span class='ocrx_word' id='word_1_43' title='bbox 717 985 757 1028; x_wconf 89' lang='lat' dir='ltr'><strong>est</strong></span> <span class='ocrx_word' id='word_1_44' title='bbox 770 994 776 1025; x_wconf 81' lang='grc' dir='ltr'>ι</span> <span class='ocrx_word' id='word_1_45' title='bbox 796 1000 805 1020; x_wconf 71' lang='grc' dir='ltr'>ι</span> <span class='ocrx_word' id='word_1_46' title='bbox 821 979 856 1027; x_wconf 85' lang='lat' dir='ltr'><strong>Ne</strong></span> <span class='ocrx_word' id='word_1_47' title='bbox 869 979 930 1028; x_wconf 87' lang='lat' dir='ltr'><strong>illuri</strong></span> <span class='ocrx_word' id='word_1_48' title='bbox 942 978 1044 1041; x_wconf 89' lang='lat' dir='ltr'><strong>quidem</strong></span> <span class='ocrx_word' id='word_1_49' title='bbox 1056 986 1095 1028; x_wconf 89' lang='lat' dir='ltr'><strong>est</strong></span> <span class='ocrx_word' id='word_1_50' title='bbox 1107 987 1323 1040; x_wconf 83' lang='lat' dir='ltr'><strong>cousentaneum,</strong></span> <span class='ocrx_word' id='word_1_51' title='bbox 1336 981 1358 1028; x_wconf 81' lang='lat' dir='ltr'><strong>ri</strong></span> 
     </span>
     <span class='ocr_line' id='line_1_6' title="bbox 297 1062 1356 1128; baseline 0.006 -19"><span class='ocrx_word' id='word_1_52' title='bbox 297 1062 343 1111; x_wconf 89' lang='lat' dir='ltr'><strong>tria</strong></span> <span class='ocrx_word' id='word_1_53' title='bbox 355 1076 449 1124; x_wconf 86' lang='lat' dir='ltr'><strong>genera</strong></span> <span class='ocrx_word' id='word_1_54' title='bbox 463 1064 587 1113; x_wconf 89' lang='lat' dir='ltr'><strong>bonorum</strong></span> <span class='ocrx_word' id='word_1_55' title='bbox 600 1064 665 1120; x_wconf 89' lang='lat' dir='ltr'><strong>siut,</strong></span> <span class='ocrx_word' id='word_1_56' title='bbox 685 1078 741 1128; x_wconf 86' lang='lat' dir='ltr'><strong>quae</strong></span> <span class='ocrx_word' id='word_1_57' title='bbox 758 1066 883 1115; x_wconf 87' lang='lat' dir='ltr'><strong>sententia</strong></span> <span class='ocrx_word' id='word_1_58' title='bbox 904 1073 944 1115; x_wconf 91' lang='lat' dir='ltr'><strong>est</strong></span> <span class='ocrx_word' id='word_1_59' title='bbox 956 1066 1194 1128; x_wconf 87' lang='lat' dir='ltr'><strong>Peripateticorum.</strong></span> <span class='ocrx_word' id='word_1_60' title='bbox 1209 1075 1234 1115; x_wconf 89' lang='lat' dir='ltr'><strong>ut</strong></span> <span class='ocrx_word' id='word_1_61' title='bbox 1248 1080 1279 1115; x_wconf 89' lang='lat' dir='ltr'><strong>eo</strong></span> <span class='ocrx_word' id='word_1_62' title='bbox 1292 1067 1356 1115; x_wconf 86' lang='lat' dir='ltr'><strong>bea-</strong></span> 
     </span>
     <span class='ocr_line' id='line_1_7' title="bbox 296 1152 1356 1217; baseline 0.005 -18"><span class='ocrx_word' id='word_1_63' title='bbox 296 1152 346 1203; x_wconf 91' lang='lat' dir='ltr'><strong>lior</strong></span> <span class='ocrx_word' id='word_1_64' title='bbox 357 1155 464 1217; x_wconf 89' lang='lat' dir='ltr'><strong>quisquc</strong></span> <span class='ocrx_word' id='word_1_65' title='bbox 476 1154 525 1214; x_wconf 85' lang='lat' dir='ltr'><strong>sit,</strong></span> <span class='ocrx_word' id='word_1_66' title='bbox 539 1167 588 1217; x_wconf 92' lang='lat' dir='ltr'><strong>quo</strong></span> <span class='ocrx_word' id='word_1_67' title='bbox 601 1155 634 1202; x_wconf 92' lang='lat' dir='ltr'><strong>sit</strong></span> <span class='ocrx_word' id='word_1_68' title='bbox 645 1155 760 1216; x_wconf 92' lang='lat' dir='ltr'><strong>corporis</strong></span> <span class='ocrx_word' id='word_1_69' title='bbox 778 1163 822 1204; x_wconf 89' lang='lat' dir='ltr'><strong>aut</strong></span> <span class='ocrx_word' id='word_1_70' title='bbox 839 1155 953 1204; x_wconf 81' lang='lat' dir='ltr'><strong>externis</strong></span> <span class='ocrx_word' id='word_1_71' title='bbox 970 1154 1043 1203; x_wconf 92' lang='lat' dir='ltr'><strong>bouis</strong></span> <span class='ocrx_word' id='word_1_72' title='bbox 1059 1154 1188 1217; x_wconf 77' lang='lat' dir='ltr'><strong>plenior».</strong></span> <span class='ocrx_word' id='word_1_73' title='bbox 1202 1156 1260 1204; x_wconf 87' lang='lat' dir='ltr'><strong>Sive</strong></span> <span class='ocrx_word' id='word_1_74' title='bbox 1274 1171 1281 1203; x_wconf 79' lang='lat' dir='ltr'><strong>t</strong></span> <span class='ocrx_word' id='word_1_75' title='bbox 1296 1177 1305 1196; x_wconf 74' lang='grc' dir='ltr'>ι</span> <span class='ocrx_word' id='word_1_76' title='bbox 1321 1156 1356 1204; x_wconf 84' lang='lat' dir='ltr'><strong>lle</strong></span> 
     </span>
     <span class='ocr_line' id='line_1_8' title="bbox 296 1243 1356 1306; baseline 0.003 -15"><span class='ocrx_word' id='word_1_77' title='bbox 296 1243 357 1292; x_wconf 92' lang='lat' dir='ltr'><strong>illud</strong></span> <span class='ocrx_word' id='word_1_78' title='bbox 370 1258 395 1306; x_wconf 87' lang='lat' dir='ltr'><strong>q.</strong></span> <span class='ocrx_word' id='word_1_79' title='bbox 411 1256 435 1292; x_wconf 86' lang='lat' dir='ltr'><strong>e.</strong></span> <span class='ocrx_word' id='word_1_80' title='bbox 449 1257 482 1299; x_wconf 87' lang='lat' dir='ltr'><strong>c.,</strong></span> <span class='ocrx_word' id='word_1_81' title='bbox 496 1258 572 1306; x_wconf 90' lang='lat' dir='ltr'><strong>quum</strong></span> <span class='ocrx_word' id='word_1_82' title='bbox 593 1244 638 1292; x_wconf 88' lang='lat' dir='ltr'><strong>tria</strong></span> <span class='ocrx_word' id='word_1_83' title='bbox 658 1256 751 1306; x_wconf 88' lang='lat' dir='ltr'><strong>genera</strong></span> <span class='ocrx_word' id='word_1_84' title='bbox 771 1244 796 1292; x_wconf 88' lang='lat' dir='ltr'><strong>b.</strong></span> <span class='ocrx_word' id='word_1_85' title='bbox 810 1257 831 1293; x_wconf 94' lang='lat' dir='ltr'><strong>s.</strong></span> <span class='ocrx_word' id='word_1_86' title='bbox 845 1258 870 1306; x_wconf 92' lang='lat' dir='ltr'><strong>q.</strong></span> <span class='ocrx_word' id='word_1_87' title='bbox 883 1257 904 1293; x_wconf 88' lang='lat' dir='ltr'><strong>s.</strong></span> <span class='ocrx_word' id='word_1_88' title='bbox 919 1258 942 1293; x_wconf 89' lang='lat' dir='ltr'><strong>e.</strong></span> <span class='ocrx_word' id='word_1_89' title='bbox 956 1244 1050 1306; x_wconf 82' lang='lat' dir='ltr'><strong>Perip,</strong></span> <span class='ocrx_word' id='word_1_90' title='bbox 1071 1251 1098 1293; x_wconf 91' lang='lat' dir='ltr'><strong>ut</strong></span> <span class='ocrx_word' id='word_1_91' title='bbox 1117 1245 1164 1293; x_wconf 90' lang='lat' dir='ltr'><strong>boc</strong></span> <span class='ocrx_word' id='word_1_92' title='bbox 1182 1245 1249 1294; x_wconf 89' lang='lat' dir='ltr'><strong>idem</strong></span> <span class='ocrx_word' id='word_1_93' title='bbox 1261 1258 1356 1306; x_wconf 87' lang='lat' dir='ltr'><strong>appro-</strong></span> 
     </span>
     <span class='ocr_line' id='line_1_9' title="bbox 296 1332 1354 1397; baseline 0.003 -17"><span class='ocrx_word' id='word_1_94' title='bbox 296 1332 407 1382; x_wconf 90' lang='lat' dir='ltr'><strong>bandum</strong></span> <span class='ocrx_word' id='word_1_95' title='bbox 419 1333 453 1382; x_wconf 93' lang='lat' dir='ltr'><strong>sit</strong></span> <span class='ocrx_word' id='word_1_96' title='bbox 464 1333 547 1393; x_wconf 84' lang='lat' dir='ltr'><strong>nobis,</strong></span> <span class='ocrx_word' id='word_1_97' title='bbox 562 1343 587 1381; x_wconf 91' lang='lat' dir='ltr'><strong>ot</strong></span> <span class='ocrx_word' id='word_1_98' title='bbox 600 1334 643 1396; x_wconf 93' lang='lat' dir='ltr'><strong>qui</strong></span> <span class='ocrx_word' id='word_1_99' title='bbox 657 1335 727 1395; x_wconf 89' lang='lat' dir='ltr'><strong>plura</strong></span> <span class='ocrx_word' id='word_1_100' title='bbox 744 1333 834 1382; x_wconf 88' lang='lat' dir='ltr'><strong>babeat</strong></span> <span class='ocrx_word' id='word_1_101' title='bbox 846 1346 875 1381; x_wconf 92' lang='lat' dir='ltr'><strong>ea</strong></span> <span class='ocrx_word' id='word_1_102' title='bbox 887 1371 894 1392; x_wconf 87' lang='lat'><strong>,</strong></span> <span class='ocrx_word' id='word_1_103' title='bbox 907 1334 999 1396; x_wconf 80' lang='lat' dir='ltr'><strong>quaein</strong></span> <span class='ocrx_word' id='word_1_104' title='bbox 1013 1347 1118 1395; x_wconf 89' lang='lat' dir='ltr'><strong>corpore</strong></span> <span class='ocrx_word' id='word_1_105' title='bbox 1132 1334 1214 1397; x_wconf 89' lang='lat' dir='ltr'><strong>magni</strong></span> <span class='ocrx_word' id='word_1_106' title='bbox 1227 1336 1354 1383; x_wconf 70' lang='lat' dir='ltr'><strong>aestiman-</strong></span> 
     </span>
     <span class='ocr_line' id='line_1_10' title="bbox 297 1421 1356 1486; baseline 0.002 -17"><span class='ocrx_word' id='word_1_107' title='bbox 297 1429 347 1481; x_wconf 85' lang='lat' dir='ltr'><strong>tur,</strong></span> <span class='ocrx_word' id='word_1_108' title='bbox 360 1421 393 1470; x_wconf 87' lang='lat' dir='ltr'><strong>sit</strong></span> <span class='ocrx_word' id='word_1_109' title='bbox 406 1422 505 1471; x_wconf 89' lang='lat' dir='ltr'><strong>beatior</strong></span> <span class='ocrx_word' id='word_1_110' title='bbox 519 1442 540 1469; x_wconf 73' lang='grc' dir='ltr'><strong>ι.</strong></span> <span class='ocrx_word' id='word_1_111' title='bbox 552 1422 646 1471; x_wconf 79' lang='lat' dir='ltr'><strong>Tacent</strong></span> <span class='ocrx_word' id='word_1_112' title='bbox 659 1423 750 1471; x_wconf 83' lang='lat' dir='ltr'><strong>critici.</strong></span> <span class='ocrx_word' id='word_1_113' title='bbox 763 1450 791 1457; x_wconf 93' lang='lat'><em>-</em></span> <span class='ocrx_word' id='word_1_114' title='bbox 804 1424 816 1484; x_wconf 63' lang='grc' dir='ltr'><strong>ξ</strong></span> <span class='ocrx_word' id='word_1_115' title='bbox 828 1424 867 1471; x_wconf 82' lang='lat' dir='ltr'><strong>ll.</strong></span> <span class='ocrx_word' id='word_1_116' title='bbox 881 1422 916 1473; x_wconf 85' lang='lat' dir='ltr'><strong>Sit</strong></span> <span class='ocrx_word' id='word_1_117' title='bbox 927 1423 1018 1471; x_wconf 86' lang='lat' dir='ltr'><strong>abesse</strong></span> <span class='ocrx_word' id='word_1_118' title='bbox 1031 1431 1114 1483; x_wconf 89' lang='lat' dir='ltr'><strong>potest</strong></span> <span class='ocrx_word' id='word_1_119' title='bbox 1130 1430 1186 1485; x_wconf 92' lang='lat' dir='ltr'><strong>post</strong></span> <span class='ocrx_word' id='word_1_120' title='bbox 1197 1423 1266 1484; x_wconf 92' lang='lat' dir='ltr'><strong>prius</strong></span> <span class='ocrx_word' id='word_1_121' title='bbox 1278 1437 1356 1486; x_wconf 73' lang='lat' dir='ltr'><strong>cope-</strong></span> 
     </span>
     <span class='ocr_line' id='line_1_11' title="bbox 297 1510 1357 1576; baseline 0.003 -18"><span class='ocrx_word' id='word_1_122' title='bbox 297 1510 414 1570; x_wconf 80' lang='lat' dir='ltr'><strong>lendum,</strong></span> <span class='ocrx_word' id='word_1_123' title='bbox 435 1512 480 1560; x_wconf 90' lang='lat' dir='ltr'><strong>sed</strong></span> <span class='ocrx_word' id='word_1_124' title='bbox 499 1512 643 1561; x_wconf 85' lang='lat' dir='ltr'><strong>addendum</strong></span> <span class='ocrx_word' id='word_1_125' title='bbox 659 1512 757 1561; x_wconf 87' lang='lat' dir='ltr'><strong>ridetur</strong></span> <span class='ocrx_word' id='word_1_126' title='bbox 768 1526 824 1561; x_wconf 88' lang='lat' dir='ltr'><strong>cum</strong></span> <span class='ocrx_word' id='word_1_127' title='bbox 838 1513 885 1562; x_wconf 89' lang='lat' dir='ltr'><strong>cod</strong></span> <span class='ocrx_word' id='word_1_128' title='bbox 909 1516 945 1572; x_wconf 81' lang='grc' dir='ltr'><strong>Α,</strong></span> <span class='ocrx_word' id='word_1_129' title='bbox 965 1520 1021 1574; x_wconf 89' lang='lat' dir='ltr'><strong>post</strong></span> <span class='ocrx_word' id='word_1_130' title='bbox 1033 1517 1179 1576; x_wconf 83' lang='lat' dir='ltr'><strong>utrumque,</strong></span> <span class='ocrx_word' id='word_1_131' title='bbox 1193 1513 1287 1562; x_wconf 89' lang='lat' dir='ltr'><strong>omisso</strong></span> <span class='ocrx_word' id='word_1_132' title='bbox 1300 1520 1357 1574; x_wconf 89' lang='lat' dir='ltr'><strong>post</strong></span> 
     </span>
     <span class='ocr_line' id='line_1_12' title="bbox 296 1599 589 1663; baseline 0.01 -17"><span class='ocrx_word' id='word_1_133' title='bbox 296 1599 403 1649; x_wconf 87' lang='lat' dir='ltr'><strong>alterum</strong></span> <span class='ocrx_word' id='word_1_134' title='bbox 416 1600 589 1663; x_wconf 68' lang='lat' dir='ltr'><strong>expetendam.</strong></span> 
     </span>
    </p>

    <p class='ocr_par' dir='ltr' id='par_1_3' title="bbox 296 1689 1357 2015">
     <span class='ocr_line' id='line_1_13' title="bbox 327 1689 1355 1753; baseline 0.001 -16"><span class='ocrx_word' id='word_1_135' title='bbox 327 1689 391 1750; x_wconf 87' lang='lat' dir='ltr'><strong>xlv,</strong></span> <span class='ocrx_word' id='word_1_136' title='bbox 404 1690 416 1751; x_wconf 65' lang='grc' dir='ltr'><strong>ξ</strong></span> <span class='ocrx_word' id='word_1_137' title='bbox 427 1690 467 1738; x_wconf 78' lang='lat' dir='ltr'><strong>ts.</strong></span> <span class='ocrx_word' id='word_1_138' title='bbox 481 1689 570 1738; x_wconf 86' lang='lat' dir='ltr'><strong>llelius</strong></span> <span class='ocrx_word' id='word_1_139' title='bbox 583 1692 748 1751; x_wconf 71' lang='lat' dir='ltr'><strong>responderet</strong></span> <span class='ocrx_word' id='word_1_140' title='bbox 762 1691 884 1739; x_wconf 79' lang='lat' dir='ltr'><strong>uocabulo</strong></span> <span class='ocrx_word' id='word_1_141' title='bbox 895 1691 976 1739; x_wconf 82' lang='lat' dir='ltr'><strong>mellis</strong></span> <span class='ocrx_word' id='word_1_142' title='bbox 988 1705 1079 1740; x_wconf 91' lang='lat' dir='ltr'><strong>nomeu</strong></span> <span class='ocrx_word' id='word_1_143' title='bbox 1093 1691 1355 1753; x_wconf 74' lang='lat' dir='ltr'><strong>omrrrilrrdine5quam</strong></span> 
     </span>
     <span class='ocr_line' id='line_1_14' title="bbox 296 1777 1355 1841; baseline 0.002 -17"><span class='ocrx_word' id='word_1_144' title='bbox 296 1778 479 1838; x_wconf 79' lang='lat' dir='ltr'><strong>magnitudine,-</strong></span> <span class='ocrx_word' id='word_1_145' title='bbox 496 1777 533 1826; x_wconf 91' lang='lat' dir='ltr'><strong>sic</strong></span> <span class='ocrx_word' id='word_1_146' title='bbox 551 1778 696 1839; x_wconf 81' lang='lat' dir='ltr'><strong>praepositio</strong></span> <span class='ocrx_word' id='word_1_147' title='bbox 708 1779 734 1826; x_wconf 87' lang='lat' dir='ltr'><strong>io</strong></span> <span class='ocrx_word' id='word_1_148' title='bbox 746 1792 796 1826; x_wconf 91' lang='lat' dir='ltr'><strong>uon</strong></span> <span class='ocrx_word' id='word_1_149' title='bbox 809 1779 1008 1839; x_wconf 80' lang='lat' dir='ltr'><strong>desideraretur,</strong></span> <span class='ocrx_word' id='word_1_150' title='bbox 1022 1792 1077 1841; x_wconf 85' lang='lat' dir='ltr'><strong>quae</strong></span> <span class='ocrx_word' id='word_1_151' title='bbox 1089 1780 1161 1827; x_wconf 85' lang='lat' dir='ltr'><strong>deest</strong></span> <span class='ocrx_word' id='word_1_152' title='bbox 1177 1779 1202 1826; x_wconf 93' lang='lat' dir='ltr'><strong>iu</strong></span> <span class='ocrx_word' id='word_1_153' title='bbox 1214 1779 1355 1827; x_wconf 78' lang='lat' dir='ltr'><strong>codicibus.</strong></span> 
     </span>
     <span class='ocr_line' id='line_1_15' title="bbox 298 1866 1357 1930; baseline 0.001 -14"><span class='ocrx_word' id='word_1_154' title='bbox 298 1894 327 1901; x_wconf 89' lang='lat'>-</span> <span class='ocrx_word' id='word_1_155' title='bbox 340 1868 352 1928; x_wconf 86' lang='lat'>§</span> <span class='ocrx_word' id='word_1_156' title='bbox 364 1869 404 1916; x_wconf 79' lang='lat' dir='ltr'><strong>li.</strong></span> <span class='ocrx_word' id='word_1_157' title='bbox 418 1866 499 1915; x_wconf 89' lang='lat' dir='ltr'><strong>Verba</strong></span> <span class='ocrx_word' id='word_1_158' title='bbox 514 1888 523 1909; x_wconf 85' lang='grc' dir='ltr'>ι</span> <span class='ocrx_word' id='word_1_159' title='bbox 538 1867 580 1929; x_wconf 90' lang='lat' dir='ltr'><strong>qui</strong></span> <span class='ocrx_word' id='word_1_160' title='bbox 593 1868 653 1916; x_wconf 88' lang='lat' dir='ltr'><strong>illud</strong></span> <span class='ocrx_word' id='word_1_161' title='bbox 666 1869 754 1917; x_wconf 86' lang='lat' dir='ltr'><strong>dicunt</strong></span> <span class='ocrx_word' id='word_1_162' title='bbox 769 1888 778 1909; x_wconf 83' lang='lat'><strong>»</strong></span> <span class='ocrx_word' id='word_1_163' title='bbox 792 1868 885 1917; x_wconf 89' lang='lat' dir='ltr'><strong>outittit</strong></span> <span class='ocrx_word' id='word_1_164' title='bbox 898 1870 955 1918; x_wconf 89' lang='lat' dir='ltr'><strong>cod.</strong></span> <span class='ocrx_word' id='word_1_165' title='bbox 970 1873 1003 1928; x_wconf 86' lang='grc' dir='ltr'><strong>Α;</strong></span> <span class='ocrx_word' id='word_1_166' title='bbox 1016 1868 1089 1917; x_wconf 85' lang='lat' dir='ltr'><strong>facile</strong></span> <span class='ocrx_word' id='word_1_167' title='bbox 1100 1868 1190 1917; x_wconf 87' lang='lat' dir='ltr'><strong>abesse</strong></span> <span class='ocrx_word' id='word_1_168' title='bbox 1204 1876 1357 1930; x_wconf 87' lang='lat' dir='ltr'><strong>possunt.-</strong></span> 
     </span>
     <span class='ocr_line' id='line_1_16' title="bbox 297 1953 755 2015; baseline 0.002 -13"><span class='ocrx_word' id='word_1_169' title='bbox 297 1955 360 2015; x_wconf 69' lang='grc'><strong>548.</strong></span> <span class='ocrx_word' id='word_1_170' title='bbox 375 1975 384 1995; x_wconf 85' lang='lat'>«</span> <span class='ocrx_word' id='word_1_171' title='bbox 400 1953 470 2013; x_wconf 83' lang='lat' dir='ltr'><strong>Quod</strong></span> <span class='ocrx_word' id='word_1_172' title='bbox 483 1954 597 2002; x_wconf 87' lang='lat' dir='ltr'><strong>ultimum</strong></span> <span class='ocrx_word' id='word_1_173' title='bbox 613 1956 755 2003; x_wconf 81' lang='lat' dir='ltr'><strong>»abundat</strong></span> 
     </span>
    </p>

    <p class='ocr_par' dir='ltr' id='par_1_4' title="bbox 298 2042 1422 3972">
     <span class='ocr_line' id='line_1_17' title="bbox 328 2042 1422 2105; baseline 0.001 -14"><span class='ocrx_word' id='word_1_174' title='bbox 328 2043 379 2091; x_wconf 87' lang='lat' dir='ltr'><strong>xv.</strong></span> <span class='ocrx_word' id='word_1_175' title='bbox 396 2042 516 2103; x_wconf 87' lang='lat' dir='ltr'><strong>Suspicor</strong></span> <span class='ocrx_word' id='word_1_176' title='bbox 528 2043 693 2103; x_wconf 83' lang='lat' dir='ltr'><strong>Ciceronem,</strong></span> <span class='ocrx_word' id='word_1_177' title='bbox 714 2051 770 2105; x_wconf 89' lang='lat' dir='ltr'><strong>post</strong></span> <span class='ocrx_word' id='word_1_178' title='bbox 782 2044 835 2093; x_wconf 66' lang='lat' dir='ltr'><strong>berc</strong></span> <span class='ocrx_word' id='word_1_179' title='bbox 850 2044 924 2093; x_wconf 90' lang='lat' dir='ltr'><strong>rerba</strong></span> <span class='ocrx_word' id='word_1_180' title='bbox 938 2061 945 2091; x_wconf 73' lang='grc' dir='ltr'>ι</span> <span class='ocrx_word' id='word_1_181' title='bbox 960 2066 970 2086; x_wconf 78' lang='grc' dir='ltr'>ι</span> <span class='ocrx_word' id='word_1_182' title='bbox 984 2044 1041 2093; x_wconf 83' lang='lat' dir='ltr'><strong>llaec</strong></span> <span class='ocrx_word' id='word_1_183' title='bbox 1053 2043 1176 2092; x_wconf 83' lang='lat' dir='ltr'><strong>mirabilia</strong></span> <span class='ocrx_word' id='word_1_184' title='bbox 1189 2043 1269 2092; x_wconf 85' lang='lat' dir='ltr'><strong>rideri</strong></span> <span class='ocrx_word' id='word_1_185' title='bbox 1282 2044 1357 2092; x_wconf 88' lang='lat' dir='ltr'><strong>intel·</strong></span> <span class='ocrx_word' id='word_1_186' title='bbox 1419 2080 1422 2084; x_wconf 87' lang='lat'>.</span> 
     </span>
     <span class='ocr_line' id='line_1_18' title="bbox 298 2131 1355 2196; baseline 0.001 -16"><span class='ocrx_word' id='word_1_187' title='bbox 298 2132 348 2194; x_wconf 90' lang='lat' dir='ltr'><strong>ligo</strong></span> <span class='ocrx_word' id='word_1_188' title='bbox 363 2152 384 2191; x_wconf 82' lang='lat'><strong>»,</strong></span> <span class='ocrx_word' id='word_1_189' title='bbox 405 2132 475 2192; x_wconf 88' lang='lat' dir='ltr'><strong>prins</strong></span> <span class='ocrx_word' id='word_1_190' title='bbox 489 2131 650 2193; x_wconf 74' lang='lat' dir='ltr'><strong>subjunxisse</strong></span> <span class='ocrx_word' id='word_1_191' title='bbox 664 2148 670 2179; x_wconf 80' lang='grc' dir='ltr'>ι</span> <span class='ocrx_word' id='word_1_192' title='bbox 692 2133 765 2183; x_wconf 82' lang='lat' dir='ltr'><strong>«Sed</strong></span> <span class='ocrx_word' id='word_1_193' title='bbox 785 2146 935 2196; x_wconf 90' lang='lat' dir='ltr'><strong>quamquam</strong></span> <span class='ocrx_word' id='word_1_194' title='bbox 954 2142 1047 2196; x_wconf 90' lang='lat' dir='ltr'><strong>negant</strong></span> <span class='ocrx_word' id='word_1_195' title='bbox 1065 2147 1112 2181; x_wconf 88' lang='lat' dir='ltr'><strong>nec</strong></span> <span class='ocrx_word' id='word_1_196' title='bbox 1126 2133 1239 2181; x_wconf 85' lang='lat' dir='ltr'><strong>rirrrrtem</strong></span> <span class='ocrx_word' id='word_1_197' title='bbox 1258 2146 1305 2181; x_wconf 89' lang='lat' dir='ltr'><strong>uec</strong></span> <span class='ocrx_word' id='word_1_198' title='bbox 1318 2133 1355 2181; x_wconf 84' lang='lat' dir='ltr'><strong>vi-</strong></span> 
     </span>
     <span class='ocr_line' id='line_1_19' title="bbox 299 2221 1356 2286; baseline 0.001 -17"><span class='ocrx_word' id='word_1_199' title='bbox 299 2222 360 2270; x_wconf 86' lang='lat' dir='ltr'><strong>tium</strong></span> <span class='ocrx_word' id='word_1_200' title='bbox 373 2234 501 2283; x_wconf 89' lang='lat' dir='ltr'><strong>crescere,</strong></span> <span class='ocrx_word' id='word_1_201' title='bbox 516 2229 649 2285; x_wconf 86' lang='lat' dir='ltr'><strong>utrumque</strong></span> <span class='ocrx_word' id='word_1_202' title='bbox 662 2229 744 2271; x_wconf 87' lang='lat' dir='ltr'><strong>taruco</strong></span> <span class='ocrx_word' id='word_1_203' title='bbox 758 2236 845 2271; x_wconf 88' lang='lat' dir='ltr'><strong>eorum</strong></span> <span class='ocrx_word' id='word_1_204' title='bbox 858 2222 928 2271; x_wconf 86' lang='lat' dir='ltr'><strong>irtndi</strong></span> <span class='ocrx_word' id='word_1_205' title='bbox 940 2223 1126 2286; x_wconf 81' lang='lat' dir='ltr'><strong>quodaminodo</strong></span> <span class='ocrx_word' id='word_1_206' title='bbox 1138 2229 1164 2272; x_wconf 90' lang='lat' dir='ltr'><strong>et</strong></span> <span class='ocrx_word' id='word_1_207' title='bbox 1176 2222 1246 2285; x_wconf 86' lang='lat' dir='ltr'><strong>quasi</strong></span> <span class='ocrx_word' id='word_1_208' title='bbox 1257 2221 1356 2271; x_wconf 89' lang='lat' dir='ltr'><strong>dilatari</strong></span> 
     </span>
     <span class='ocr_line' id='line_1_20' title="bbox 299 2310 1357 2376; baseline 0 -17"><span class='ocrx_word' id='word_1_209' title='bbox 299 2317 386 2371; x_wconf 87' lang='lat' dir='ltr'><strong>putant</strong></span> <span class='ocrx_word' id='word_1_210' title='bbox 400 2330 422 2359; x_wconf 69' lang='lat' dir='ltr'><strong>r.</strong></span> <span class='ocrx_word' id='word_1_211' title='bbox 442 2310 522 2370; x_wconf 73' lang='lat' dir='ltr'><strong>Quium</strong></span> <span class='ocrx_word' id='word_1_212' title='bbox 540 2319 625 2361; x_wconf 85' lang='lat' dir='ltr'><strong>atttour</strong></span> <span class='ocrx_word' id='word_1_213' title='bbox 646 2311 702 2361; x_wconf 91' lang='lat' dir='ltr'><strong>talis</strong></span> <span class='ocrx_word' id='word_1_214' title='bbox 719 2313 849 2363; x_wconf 84' lang='lat' dir='ltr'><strong>cnrrclusio</strong></span> <span class='ocrx_word' id='word_1_215' title='bbox 861 2319 887 2362; x_wconf 90' lang='lat' dir='ltr'><strong>et</strong></span> <span class='ocrx_word' id='word_1_216' title='bbox 903 2314 1033 2376; x_wconf 82' lang='lat' dir='ltr'><strong>angustior</strong></span> <span class='ocrx_word' id='word_1_217' title='bbox 1045 2321 1071 2363; x_wconf 90' lang='lat' dir='ltr'><strong>et</strong></span> <span class='ocrx_word' id='word_1_218' title='bbox 1084 2314 1188 2362; x_wconf 88' lang='lat' dir='ltr'><strong>minoris</strong></span> <span class='ocrx_word' id='word_1_219' title='bbox 1199 2312 1357 2360; x_wconf 86' lang='lat' dir='ltr'><strong>auctoritatis</strong></span> 
     </span>
     <span class='ocr_line' id='line_1_21' title="bbox 298 2399 1356 2465; baseline 0.003 -19"><span class='ocrx_word' id='word_1_220' title='bbox 298 2400 436 2461; x_wconf 81' lang='lat' dir='ltr'><strong>rideretur,</strong></span> <span class='ocrx_word' id='word_1_221' title='bbox 455 2399 543 2449; x_wconf 92' lang='lat' dir='ltr'><strong>maluit</strong></span> <span class='ocrx_word' id='word_1_222' title='bbox 558 2402 583 2449; x_wconf 93' lang='lat' dir='ltr'><strong>in</strong></span> <span class='ocrx_word' id='word_1_223' title='bbox 601 2414 645 2450; x_wconf 87' lang='lat' dir='ltr'><strong>ore</strong></span> <span class='ocrx_word' id='word_1_224' title='bbox 663 2402 765 2451; x_wconf 86' lang='lat' dir='ltr'><strong>Catonis</strong></span> <span class='ocrx_word' id='word_1_225' title='bbox 781 2402 933 2465; x_wconf 82' lang='lat' dir='ltr'><strong>apertiorem</strong></span> <span class='ocrx_word' id='word_1_226' title='bbox 952 2401 1027 2450; x_wconf 91' lang='lat' dir='ltr'><strong>simul</strong></span> <span class='ocrx_word' id='word_1_227' title='bbox 1049 2408 1076 2450; x_wconf 92' lang='lat' dir='ltr'><strong>et</strong></span> <span class='ocrx_word' id='word_1_228' title='bbox 1100 2400 1236 2450; x_wconf 85' lang='lat' dir='ltr'><strong>firmiorem</strong></span> <span class='ocrx_word' id='word_1_229' title='bbox 1257 2399 1356 2461; x_wconf 83' lang='lat' dir='ltr'><strong>proles-</strong></span> 
     </span>
     <span class='ocr_line' id='line_1_22' title="bbox 300 2489 1357 2554; baseline 0.002 -17"><span class='ocrx_word' id='word_1_230' title='bbox 300 2489 397 2548; x_wconf 89' lang='lat' dir='ltr'><strong>sionem</strong></span> <span class='ocrx_word' id='word_1_231' title='bbox 411 2503 519 2551; x_wconf 81' lang='lat' dir='ltr'><strong>pnuerc3</strong></span> <span class='ocrx_word' id='word_1_232' title='bbox 537 2490 621 2553; x_wconf 90' lang='lat' dir='ltr'><strong>itaque</strong></span> <span class='ocrx_word' id='word_1_233' title='bbox 634 2491 743 2553; x_wconf 88' lang='lat' dir='ltr'><strong>priorem</strong></span> <span class='ocrx_word' id='word_1_234' title='bbox 756 2492 908 2541; x_wconf 89' lang='lat' dir='ltr'><strong>senteutiam</strong></span> <span class='ocrx_word' id='word_1_235' title='bbox 921 2492 1030 2554; x_wconf 81' lang='lat' dir='ltr'><strong>praetulit</strong></span> <span class='ocrx_word' id='word_1_236' title='bbox 1044 2507 1050 2539; x_wconf 76' lang='grc' dir='ltr'>ι</span> <span class='ocrx_word' id='word_1_237' title='bbox 1069 2512 1078 2533; x_wconf 74' lang='lat' dir='ltr'><strong>r</strong></span> <span class='ocrx_word' id='word_1_238' title='bbox 1094 2492 1144 2541; x_wconf 86' lang='lat' dir='ltr'><strong>Sed</strong></span> <span class='ocrx_word' id='word_1_239' title='bbox 1156 2504 1212 2540; x_wconf 91' lang='lat' dir='ltr'><strong>cum</strong></span> <span class='ocrx_word' id='word_1_240' title='bbox 1228 2497 1298 2540; x_wconf 86' lang='lat' dir='ltr'><strong>certe</strong></span> <span class='ocrx_word' id='word_1_241' title='bbox 1310 2502 1357 2539; x_wconf 87' lang='lat' dir='ltr'><strong>su-</strong></span> 
     </span>
     <span class='ocr_line' id='line_1_23' title="bbox 301 2578 1357 2643; baseline -0.001 -16"><span class='ocrx_word' id='word_1_242' title='bbox 301 2580 399 2641; x_wconf 91' lang='lat' dir='ltr'><strong>periora</strong></span> <span class='ocrx_word' id='word_1_243' title='bbox 418 2578 488 2629; x_wconf 84' lang='lat' dir='ltr'><strong>lirina</strong></span> <span class='ocrx_word' id='word_1_244' title='bbox 505 2593 534 2629; x_wconf 87' lang='lat' dir='ltr'><strong>ac</strong></span> <span class='ocrx_word' id='word_1_245' title='bbox 547 2594 605 2629; x_wconf 83' lang='lat' dir='ltr'><strong>vera</strong></span> <span class='ocrx_word' id='word_1_246' title='bbox 618 2580 685 2639; x_wconf 89' lang='lat' dir='ltr'><strong>siut,</strong></span> <span class='ocrx_word' id='word_1_247' title='bbox 707 2580 842 2630; x_wconf 88' lang='lat' dir='ltr'><strong>bisantem</strong></span> <span class='ocrx_word' id='word_1_248' title='bbox 855 2594 884 2630; x_wconf 86' lang='lat' dir='ltr'><strong>ea</strong></span> <span class='ocrx_word' id='word_1_249' title='bbox 897 2588 1066 2629; x_wconf 86' lang='lat' dir='ltr'><strong>consentanea</strong></span> <span class='ocrx_word' id='word_1_250' title='bbox 1079 2588 1105 2629; x_wconf 87' lang='lat' dir='ltr'><strong>et</strong></span> <span class='ocrx_word' id='word_1_251' title='bbox 1117 2580 1313 2643; x_wconf 78' lang='lat' dir='ltr'><strong>consequentia,</strong></span> <span class='ocrx_word' id='word_1_252' title='bbox 1326 2592 1357 2627; x_wconf 90' lang='lat' dir='ltr'><strong>ue</strong></span> 
     </span>
     <span class='ocr_line' id='line_1_24' title="bbox 299 2668 1356 2732; baseline -0.002 -15"><span class='ocrx_word' id='word_1_253' title='bbox 299 2668 332 2717; x_wconf 80' lang='lat' dir='ltr'><strong>tie</strong></span> <span class='ocrx_word' id='word_1_254' title='bbox 346 2668 435 2719; x_wconf 89' lang='lat' dir='ltr'><strong>borum</strong></span> <span class='ocrx_word' id='word_1_255' title='bbox 447 2669 549 2732; x_wconf 89' lang='lat' dir='ltr'><strong>quidem</strong></span> <span class='ocrx_word' id='word_1_256' title='bbox 564 2677 605 2718; x_wconf 90' lang='lat' dir='ltr'><strong>est</strong></span> <span class='ocrx_word' id='word_1_257' title='bbox 621 2670 727 2719; x_wconf 86' lang='lat' dir='ltr'><strong>veritate</strong></span> <span class='ocrx_word' id='word_1_258' title='bbox 738 2669 905 2719; x_wconf 90' lang='lat' dir='ltr'><strong>dubitandum</strong></span> <span class='ocrx_word' id='word_1_259' title='bbox 920 2690 940 2716; x_wconf 72' lang='grc' dir='ltr'><strong>ι.</strong></span> <span class='ocrx_word' id='word_1_260' title='bbox 962 2669 1061 2718; x_wconf 87' lang='lat' dir='ltr'><strong>Etenim</strong></span> <span class='ocrx_word' id='word_1_261' title='bbox 1074 2682 1121 2719; x_wconf 88' lang='lat' dir='ltr'><strong>nec</strong></span> <span class='ocrx_word' id='word_1_262' title='bbox 1137 2682 1227 2719; x_wconf 88' lang='lat' dir='ltr'><strong>sensus</strong></span> <span class='ocrx_word' id='word_1_263' title='bbox 1239 2681 1287 2717; x_wconf 89' lang='lat' dir='ltr'><strong>nec</strong></span> <span class='ocrx_word' id='word_1_264' title='bbox 1299 2680 1356 2718; x_wconf 94' lang='lat' dir='ltr'><strong>ora·</strong></span> 
     </span>
     <span class='ocr_line' id='line_1_25' title="bbox 299 2757 1357 2821; baseline 0.002 -16"><span class='ocrx_word' id='word_1_265' title='bbox 299 2757 375 2807; x_wconf 89' lang='lat' dir='ltr'><strong>tionis</strong></span> <span class='ocrx_word' id='word_1_266' title='bbox 386 2770 490 2819; x_wconf 79' lang='lat' dir='ltr'><strong>gressus</strong></span> <span class='ocrx_word' id='word_1_267' title='bbox 509 2765 640 2821; x_wconf 88' lang='lat' dir='ltr'><strong>utramque</strong></span> <span class='ocrx_word' id='word_1_268' title='bbox 652 2759 804 2808; x_wconf 87' lang='lat' dir='ltr'><strong>sententiam</strong></span> <span class='ocrx_word' id='word_1_269' title='bbox 816 2757 891 2808; x_wconf 92' lang='lat' dir='ltr'><strong>simul</strong></span> <span class='ocrx_word' id='word_1_270' title='bbox 903 2765 969 2809; x_wconf 87' lang='lat' dir='ltr'><strong>stare</strong></span> <span class='ocrx_word' id='word_1_271' title='bbox 982 2760 1083 2817; x_wconf 84' lang='lat' dir='ltr'><strong>sinont;</strong></span> <span class='ocrx_word' id='word_1_272' title='bbox 1104 2759 1170 2808; x_wconf 80' lang='lat' dir='ltr'><strong>irride</strong></span> <span class='ocrx_word' id='word_1_273' title='bbox 1188 2764 1225 2807; x_wconf 88' lang='lat' dir='ltr'><strong>tot</strong></span> <span class='ocrx_word' id='word_1_274' title='bbox 1236 2758 1357 2821; x_wconf 84' lang='lat' dir='ltr'><strong>egregio-</strong></span> 
     </span>
     <span class='ocr_line' id='line_1_26' title="bbox 299 2846 1357 2908; baseline 0.001 -14"><span class='ocrx_word' id='word_1_275' title='bbox 299 2860 353 2895; x_wconf 87' lang='lat' dir='ltr'><strong>rum</strong></span> <span class='ocrx_word' id='word_1_276' title='bbox 366 2848 511 2896; x_wconf 87' lang='lat' dir='ltr'><strong>criticorum</strong></span> <span class='ocrx_word' id='word_1_277' title='bbox 525 2855 576 2897; x_wconf 90' lang='lat' dir='ltr'><strong>tum</strong></span> <span class='ocrx_word' id='word_1_278' title='bbox 590 2848 771 2908; x_wconf 89' lang='lat' dir='ltr'><strong>dubitationes,</strong></span> <span class='ocrx_word' id='word_1_279' title='bbox 786 2857 838 2897; x_wconf 89' lang='lat' dir='ltr'><strong>lum</strong></span> <span class='ocrx_word' id='word_1_280' title='bbox 851 2849 1036 2898; x_wconf 89' lang='lat' dir='ltr'><strong>correctionum</strong></span> <span class='ocrx_word' id='word_1_281' title='bbox 1050 2848 1196 2897; x_wconf 87' lang='lat' dir='ltr'><strong>tentamina.</strong></span> <span class='ocrx_word' id='word_1_282' title='bbox 1205 2874 1230 2883; x_wconf 92' lang='lat'>-</span> <span class='ocrx_word' id='word_1_283' title='bbox 1247 2847 1311 2908; x_wconf 66' lang='lat' dir='ltr'><strong>§lb</strong></span> <span class='ocrx_word' id='word_1_284' title='bbox 1320 2846 1357 2895; x_wconf 82' lang='lat' dir='ltr'><strong>At</strong></span> 
     </span>
     <span class='ocr_line' id='line_1_27' title="bbox 298 2936 1358 3003; baseline 0 -18"><span class='ocrx_word' id='word_1_285' title='bbox 298 2936 406 2986; x_wconf 87' lang='lat' dir='ltr'><strong>abundat</strong></span> <span class='ocrx_word' id='word_1_286' title='bbox 421 2945 479 2987; x_wconf 92' lang='lat' dir='ltr'><strong>aute</strong></span> <span class='ocrx_word' id='word_1_287' title='bbox 493 2939 568 2987; x_wconf 85' lang='lat' dir='ltr'><strong>rerba</strong></span> <span class='ocrx_word' id='word_1_288' title='bbox 583 2955 589 2986; x_wconf 75' lang='grc' dir='ltr'>ε</span> <span class='ocrx_word' id='word_1_289' title='bbox 605 2960 615 2981; x_wconf 79' lang='grc' dir='ltr'>ι</span> <span class='ocrx_word' id='word_1_290' title='bbox 630 2940 678 2988; x_wconf 91' lang='lat' dir='ltr'><strong>ulla</strong></span> <span class='ocrx_word' id='word_1_291' title='bbox 693 2953 720 2988; x_wconf 93' lang='lat' dir='ltr'><strong>re</strong></span> <span class='ocrx_word' id='word_1_292' title='bbox 734 2960 755 3001; x_wconf 84' lang='lat'><strong>»‚</strong></span> <span class='ocrx_word' id='word_1_293' title='bbox 769 2940 886 3003; x_wconf 89' lang='lat' dir='ltr'><strong>qnoniam</strong></span> <span class='ocrx_word' id='word_1_294' title='bbox 900 2939 1011 3002; x_wconf 81' lang='lat' dir='ltr'><strong>iegitur:</strong></span> <span class='ocrx_word' id='word_1_295' title='bbox 1027 2960 1037 2981; x_wconf 71' lang='grc' dir='ltr'>ι</span> <span class='ocrx_word' id='word_1_296' title='bbox 1051 2938 1117 2987; x_wconf 92' lang='lat' dir='ltr'><strong>nulla</strong></span> <span class='ocrx_word' id='word_1_297' title='bbox 1130 2951 1172 2987; x_wconf 89' lang='lat' dir='ltr'><strong>ars</strong></span> <span class='ocrx_word' id='word_1_298' title='bbox 1184 2937 1279 2987; x_wconf 84' lang='lat' dir='ltr'><strong>divitiis</strong></span> <span class='ocrx_word' id='word_1_299' title='bbox 1293 2950 1358 2986; x_wconf 87' lang='lat' dir='ltr'><strong>con·</strong></span> 
     </span>
     <span class='ocr_line' id='line_1_28' title="bbox 300 3025 1355 3090; baseline -0.003 -16"><span class='ocrx_word' id='word_1_300' title='bbox 300 3026 374 3076; x_wconf 90' lang='lat' dir='ltr'><strong>tineri</strong></span> <span class='ocrx_word' id='word_1_301' title='bbox 393 3034 513 3089; x_wconf 82' lang='lat' dir='ltr'><strong>potest».</strong></span> <span class='ocrx_word' id='word_1_302' title='bbox 532 3057 560 3064; x_wconf 94' lang='grc'>-</span> <span class='ocrx_word' id='word_1_303' title='bbox 585 3028 700 3078; x_wconf 78' lang='lat' dir='ltr'><strong>Alienum</strong></span> <span class='ocrx_word' id='word_1_304' title='bbox 721 3028 803 3078; x_wconf 91' lang='lat' dir='ltr'><strong>locum</strong></span> <span class='ocrx_word' id='word_1_305' title='bbox 823 3029 984 3090; x_wconf 86' lang='lat' dir='ltr'><strong>usurpavisse</strong></span> <span class='ocrx_word' id='word_1_306' title='bbox 1009 3027 1071 3075; x_wconf 88' lang='lat' dir='ltr'><strong>mibi</strong></span> <span class='ocrx_word' id='word_1_307' title='bbox 1091 3027 1190 3076; x_wconf 86' lang='lat' dir='ltr'><strong>ridetur</strong></span> <span class='ocrx_word' id='word_1_308' title='bbox 1209 3025 1355 3074; x_wconf 84' lang='lat' dir='ltr'><strong>sententia:</strong></span> 
     </span>
     <span class='ocr_line' id='line_1_29' title="bbox 300 3114 1356 3181; baseline -0.002 -16"><span class='ocrx_word' id='word_1_309' title='bbox 300 3138 310 3160; x_wconf 75' lang='grc' dir='ltr'>ι</span> <span class='ocrx_word' id='word_1_310' title='bbox 324 3117 382 3180; x_wconf 90' lang='lat' dir='ltr'><strong>quia</strong></span> <span class='ocrx_word' id='word_1_311' title='bbox 394 3118 554 3181; x_wconf 81' lang='lat' dir='ltr'><strong>cognitiones</strong></span> <span class='ocrx_word' id='word_1_312' title='bbox 572 3118 864 3180; x_wconf 85' lang='lat' dir='ltr'><strong>comprehensionesque</strong></span> <span class='ocrx_word' id='word_1_313' title='bbox 884 3130 968 3165; x_wconf 89' lang='lat' dir='ltr'><strong>rerum</strong></span> <span class='ocrx_word' id='word_1_314' title='bbox 980 3130 995 3165; x_wconf 87' lang='lat' dir='ltr'><strong>e</strong></span> <span class='ocrx_word' id='word_1_315' title='bbox 1007 3115 1099 3179; x_wconf 94' lang='lat' dir='ltr'><strong>quibus</strong></span> <span class='ocrx_word' id='word_1_316' title='bbox 1117 3114 1259 3163; x_wconf 86' lang='lat' dir='ltr'><strong>efficiuntur</strong></span> <span class='ocrx_word' id='word_1_317' title='bbox 1270 3121 1356 3170; x_wconf 78' lang='lat' dir='ltr'><strong>artes,</strong></span> 
     </span>
     <span class='ocr_line' id='line_1_30' title="bbox 298 3203 1359 3269; baseline -0.001 -15"><span class='ocrx_word' id='word_1_318' title='bbox 298 3207 479 3268; x_wconf 88' lang='lat' dir='ltr'><strong>appetitionem</strong></span> <span class='ocrx_word' id='word_1_319' title='bbox 492 3214 592 3256; x_wconf 83' lang='lat' dir='ltr'><strong>movent</strong></span> <span class='ocrx_word' id='word_1_320' title='bbox 605 3222 626 3265; x_wconf 73' lang='grc' dir='ltr'><strong>»ς</strong></span> <span class='ocrx_word' id='word_1_321' title='bbox 645 3208 769 3269; x_wconf 86' lang='lat' dir='ltr'><strong>aptiorem</strong></span> <span class='ocrx_word' id='word_1_322' title='bbox 787 3206 869 3256; x_wconf 87' lang='lat' dir='ltr'><strong>locum</strong></span> <span class='ocrx_word' id='word_1_323' title='bbox 888 3205 1014 3255; x_wconf 88' lang='lat' dir='ltr'><strong>obtinebit</strong></span> <span class='ocrx_word' id='word_1_324' title='bbox 1034 3212 1090 3266; x_wconf 92' lang='lat' dir='ltr'><strong>post</strong></span> <span class='ocrx_word' id='word_1_325' title='bbox 1102 3204 1177 3252; x_wconf 84' lang='lat' dir='ltr'><strong>verba</strong></span> <span class='ocrx_word' id='word_1_326' title='bbox 1192 3219 1198 3250; x_wconf 80' lang='grc' dir='ltr'>ι</span> <span class='ocrx_word' id='word_1_327' title='bbox 1213 3224 1223 3246; x_wconf 75' lang='grc' dir='ltr'>ι</span> <span class='ocrx_word' id='word_1_328' title='bbox 1238 3203 1304 3252; x_wconf 88' lang='lat' dir='ltr'><strong>nulla</strong></span> <span class='ocrx_word' id='word_1_329' title='bbox 1316 3217 1359 3253; x_wconf 90' lang='lat' dir='ltr'><strong>ars</strong></span> 
     </span>
     <span class='ocr_line' id='line_1_31' title="bbox 298 3293 1358 3356; baseline -0.002 -13"><span class='ocrx_word' id='word_1_330' title='bbox 298 3294 394 3344; x_wconf 86' lang='lat' dir='ltr'><strong>divitiis</strong></span> <span class='ocrx_word' id='word_1_331' title='bbox 405 3295 530 3345; x_wconf 85' lang='lat' dir='ltr'><strong>contineri</strong></span> <span class='ocrx_word' id='word_1_332' title='bbox 543 3302 627 3356; x_wconf 86' lang='lat' dir='ltr'><strong>potest</strong></span> <span class='ocrx_word' id='word_1_333' title='bbox 637 3315 657 3343; x_wconf 76' lang='grc' dir='ltr'><strong>ι.</strong></span> <span class='ocrx_word' id='word_1_334' title='bbox 671 3295 711 3344; x_wconf 87' lang='lat' dir='ltr'><strong>Sic</strong></span> <span class='ocrx_word' id='word_1_335' title='bbox 725 3294 829 3343; x_wconf 77' lang='lat' dir='ltr'><strong>formula</strong></span> <span class='ocrx_word' id='word_1_336' title='bbox 844 3310 851 3341; x_wconf 76' lang='grc' dir='ltr'>ι</span> <span class='ocrx_word' id='word_1_337' title='bbox 866 3316 876 3337; x_wconf 82' lang='grc'><strong>«</strong></span> <span class='ocrx_word' id='word_1_338' title='bbox 890 3294 923 3344; x_wconf 91' lang='lat' dir='ltr'><strong>ob</strong></span> <span class='ocrx_word' id='word_1_339' title='bbox 937 3307 1042 3356; x_wconf 89' lang='lat' dir='ltr'><strong>eamque</strong></span> <span class='ocrx_word' id='word_1_340' title='bbox 1054 3305 1154 3342; x_wconf 89' lang='lat' dir='ltr'><strong>causam</strong></span> <span class='ocrx_word' id='word_1_341' title='bbox 1170 3313 1191 3353; x_wconf 74' lang='grc' dir='ltr'><strong>ι,</strong></span> <span class='ocrx_word' id='word_1_342' title='bbox 1204 3293 1358 3355; x_wconf 81' lang='lat' dir='ltr'><strong>disjungitur</strong></span> 
     </span>
     <span class='ocr_line' id='line_1_32' title="bbox 298 3381 1357 3445; baseline -0.003 -13"><span class='ocrx_word' id='word_1_343' title='bbox 298 3395 311 3432; x_wconf 86' lang='lat' dir='ltr'><strong>a</strong></span> <span class='ocrx_word' id='word_1_344' title='bbox 325 3382 444 3444; x_wconf 89' lang='lat' dir='ltr'><strong>particula</strong></span> <span class='ocrx_word' id='word_1_345' title='bbox 464 3383 522 3445; x_wconf 80' lang='lat' dir='ltr'><strong>quic</strong></span> <span class='ocrx_word' id='word_1_346' title='bbox 539 3392 566 3432; x_wconf 90' lang='lat' dir='ltr'><strong>et</strong></span> <span class='ocrx_word' id='word_1_347' title='bbox 585 3382 693 3432; x_wconf 88' lang='lat' dir='ltr'><strong>relcrtur</strong></span> <span class='ocrx_word' id='word_1_348' title='bbox 705 3385 735 3432; x_wconf 92' lang='lat' dir='ltr'><strong>ad</strong></span> <span class='ocrx_word' id='word_1_349' title='bbox 748 3397 846 3433; x_wconf 90' lang='lat' dir='ltr'><strong>comma</strong></span> <span class='ocrx_word' id='word_1_350' title='bbox 861 3398 866 3429; x_wconf 92' lang='lat'>:</span> <span class='ocrx_word' id='word_1_351' title='bbox 887 3405 896 3425; x_wconf 74' lang='grc' dir='ltr'>ι</span> <span class='ocrx_word' id='word_1_352' title='bbox 910 3397 967 3432; x_wconf 90' lang='lat' dir='ltr'><strong>cum</strong></span> <span class='ocrx_word' id='word_1_353' title='bbox 980 3381 1197 3432; x_wconf 83' lang='lat' dir='ltr'><strong>diritiaenousiut</strong></span> <span class='ocrx_word' id='word_1_354' title='bbox 1210 3381 1321 3430; x_wconf 91' lang='lat' dir='ltr'><strong>inbonis</strong></span> <span class='ocrx_word' id='word_1_355' title='bbox 1335 3397 1357 3442; x_wconf 75' lang='grc' dir='ltr'><strong>»ς</strong></span> 
     </span>
     <span class='ocr_line' id='line_1_33' title="bbox 299 3470 1358 3535; baseline 0.002 -17"><span class='ocrx_word' id='word_1_356' title='bbox 299 3484 346 3520; x_wconf 84' lang='lat' dir='ltr'><strong>ror</strong></span> <span class='ocrx_word' id='word_1_357' title='bbox 359 3475 424 3520; x_wconf 80' lang='lat' dir='ltr'><strong>orlea</strong></span> <span class='ocrx_word' id='word_1_358' title='bbox 436 3472 463 3520; x_wconf 92' lang='lat' dir='ltr'><strong>lit</strong></span> <span class='ocrx_word' id='word_1_359' title='bbox 476 3472 587 3533; x_wconf 80' lang='lat' dir='ltr'><strong>pronima</strong></span> <span class='ocrx_word' id='word_1_360' title='bbox 602 3473 656 3522; x_wconf 88' lang='lat' dir='ltr'><strong>roci</strong></span> <span class='ocrx_word' id='word_1_361' title='bbox 670 3472 776 3528; x_wconf 77' lang='lat' dir='ltr'><strong>orbius,-</strong></span> <span class='ocrx_word' id='word_1_362' title='bbox 794 3474 927 3522; x_wconf 82' lang='lat' dir='ltr'><strong>sentcntiae</strong></span> <span class='ocrx_word' id='word_1_363' title='bbox 945 3472 1022 3535; x_wconf 89' lang='lat' dir='ltr'><strong>igitur</strong></span> <span class='ocrx_word' id='word_1_364' title='bbox 1035 3470 1131 3520; x_wconf 89' lang='lat' dir='ltr'><strong>iacilius</strong></span> <span class='ocrx_word' id='word_1_365' title='bbox 1151 3471 1297 3533; x_wconf 76' lang='lat' dir='ltr'><strong>piloniusque</strong></span> <span class='ocrx_word' id='word_1_366' title='bbox 1309 3470 1358 3520; x_wconf 88' lang='lat' dir='ltr'><strong>sibi</strong></span> 
     </span>
     <span class='ocr_line' id='line_1_34' title="bbox 299 3558 1357 3623; baseline -0.002 -15"><span class='ocrx_word' id='word_1_367' title='bbox 299 3559 447 3609; x_wconf 89' lang='lat' dir='ltr'><strong>succedunt.</strong></span> <span class='ocrx_word' id='word_1_368' title='bbox 464 3586 486 3597; x_wconf 86' lang='lat'><em>-</em></span> <span class='ocrx_word' id='word_1_369' title='bbox 503 3561 514 3623; x_wconf 62' lang='grc' dir='ltr'><strong>ᾖ</strong></span> <span class='ocrx_word' id='word_1_370' title='bbox 528 3562 568 3610; x_wconf 78' lang='lat' dir='ltr'><strong>st.</strong></span> <span class='ocrx_word' id='word_1_371' title='bbox 582 3560 677 3622; x_wconf 87' lang='lat' dir='ltr'><strong>Opinoi·</strong></span> <span class='ocrx_word' id='word_1_372' title='bbox 690 3562 824 3623; x_wconf 86' lang='lat' dir='ltr'><strong>legendum</strong></span> <span class='ocrx_word' id='word_1_373' title='bbox 838 3574 895 3611; x_wconf 86' lang='lat' dir='ltr'><strong>esse</strong></span> <span class='ocrx_word' id='word_1_374' title='bbox 909 3577 915 3609; x_wconf 91' lang='lat'><strong>:</strong></span> <span class='ocrx_word' id='word_1_375' title='bbox 929 3580 941 3605; x_wconf 82' lang='grc' dir='ltr'><strong>ιι</strong></span> <span class='ocrx_word' id='word_1_376' title='bbox 956 3569 983 3610; x_wconf 92' lang='lat' dir='ltr'><strong>ut</strong></span> <span class='ocrx_word' id='word_1_377' title='bbox 994 3560 1134 3623; x_wconf 79' lang='lat' dir='ltr'><strong>ingloriae,</strong></span> <span class='ocrx_word' id='word_1_378' title='bbox 1147 3560 1308 3619; x_wconf 80' lang='lat' dir='ltr'><strong>divitiarum,</strong></span> <span class='ocrx_word' id='word_1_379' title='bbox 1322 3558 1357 3606; x_wconf 91' lang='lat' dir='ltr'><strong>si-</strong></span> 
     </span>
     <span class='ocr_line' id='line_1_35' title="bbox 300 3648 1358 3714; baseline -0.002 -17"><span class='ocrx_word' id='word_1_380' title='bbox 300 3649 395 3698; x_wconf 90' lang='lat' dir='ltr'><strong>milium</strong></span> <span class='ocrx_word' id='word_1_381' title='bbox 414 3663 498 3700; x_wconf 86' lang='lat' dir='ltr'><strong>rerum</strong></span> <span class='ocrx_word' id='word_1_382' title='bbox 512 3665 557 3700; x_wconf 79' lang='lat' dir='ltr'><strong>usu</strong></span> <span class='ocrx_word' id='word_1_383' title='bbox 568 3672 589 3707; x_wconf 83' lang='lat'><strong>»,</strong></span> <span class='ocrx_word' id='word_1_384' title='bbox 605 3664 661 3714; x_wconf 87' lang='lat' dir='ltr'><strong>quae</strong></span> <span class='ocrx_word' id='word_1_385' title='bbox 678 3651 763 3700; x_wconf 85' lang='lat' dir='ltr'><strong>ultima</strong></span> <span class='ocrx_word' id='word_1_386' title='bbox 775 3666 823 3701; x_wconf 80' lang='lat' dir='ltr'><strong>unx</strong></span> <span class='ocrx_word' id='word_1_387' title='bbox 843 3664 995 3700; x_wconf 85' lang='lat' dir='ltr'><strong>evanescere</strong></span> <span class='ocrx_word' id='word_1_388' title='bbox 1015 3651 1095 3713; x_wconf 90' lang='lat' dir='ltr'><strong>potuit</strong></span> <span class='ocrx_word' id='word_1_389' title='bbox 1113 3651 1146 3699; x_wconf 93' lang='lat' dir='ltr'><strong>ob</strong></span> <span class='ocrx_word' id='word_1_390' title='bbox 1167 3648 1358 3698; x_wconf 90' lang='lat' dir='ltr'><strong>similitudinem</strong></span> 
     </span>
     <span class='ocr_line' id='line_1_36' title="bbox 300 3740 1358 3805; baseline -0.001 -15"><span class='ocrx_word' id='word_1_391' title='bbox 300 3741 495 3803; x_wconf 81' lang='lat' dir='ltr'><strong>praecedeotium</strong></span> <span class='ocrx_word' id='word_1_392' title='bbox 508 3741 656 3791; x_wconf 88' lang='lat' dir='ltr'><strong>litterarum.</strong></span> <span class='ocrx_word' id='word_1_393' title='bbox 670 3770 699 3777; x_wconf 91' lang='lat'><em>-</em></span> <span class='ocrx_word' id='word_1_394' title='bbox 713 3742 864 3804; x_wconf 80' lang='lat' dir='ltr'><strong>Madvigium</strong></span> <span class='ocrx_word' id='word_1_395' title='bbox 876 3754 970 3805; x_wconf 86' lang='lat' dir='ltr'><strong>sequor</strong></span> <span class='ocrx_word' id='word_1_396' title='bbox 982 3741 1119 3804; x_wconf 85' lang='lat' dir='ltr'><strong>legentem,</strong></span> <span class='ocrx_word' id='word_1_397' title='bbox 1132 3748 1235 3789; x_wconf 86' lang='lat' dir='ltr'><strong>auctore</strong></span> <span class='ocrx_word' id='word_1_398' title='bbox 1247 3740 1358 3789; x_wconf 90' lang='lat' dir='ltr'><strong>Wesen-</strong></span> 
     </span>
     <span class='ocr_line' id='line_1_37' title="bbox 299 3830 1356 3895; baseline -0.003 -14"><span class='ocrx_word' id='word_1_399' title='bbox 299 3831 408 3895; x_wconf 86' lang='lat' dir='ltr'><strong>bergio:</strong></span> <span class='ocrx_word' id='word_1_400' title='bbox 423 3853 433 3875; x_wconf 76' lang='grc' dir='ltr'>ι</span> <span class='ocrx_word' id='word_1_401' title='bbox 449 3832 537 3893; x_wconf 89' lang='lat' dir='ltr'><strong>partim</strong></span> <span class='ocrx_word' id='word_1_402' title='bbox 556 3845 606 3881; x_wconf 92' lang='lat' dir='ltr'><strong>uon</strong></span> <span class='ocrx_word' id='word_1_403' title='bbox 624 3832 694 3881; x_wconf 86' lang='lat' dir='ltr'><strong>item.</strong></span> <span class='ocrx_word' id='word_1_404' title='bbox 714 3832 777 3881; x_wconf 87' lang='lat' dir='ltr'><strong>lliuc</strong></span> <span class='ocrx_word' id='word_1_405' title='bbox 794 3839 849 3889; x_wconf 85' lang='lat' dir='ltr'><strong>cst,</strong></span> <span class='ocrx_word' id='word_1_406' title='bbox 863 3837 912 3881; x_wconf 87' lang='lat' dir='ltr'><strong>etc.</strong></span> <span class='ocrx_word' id='word_1_407' title='bbox 924 3846 944 3891; x_wconf 76' lang='lat'><strong>»3</strong></span> <span class='ocrx_word' id='word_1_408' title='bbox 964 3831 1090 3879; x_wconf 77' lang='lat' dir='ltr'><strong>Baiter-um</strong></span> <span class='ocrx_word' id='word_1_409' title='bbox 1109 3830 1282 3879; x_wconf 88' lang='lat' dir='ltr'><strong>secludentem</strong></span> <span class='ocrx_word' id='word_1_410' title='bbox 1299 3841 1356 3879; x_wconf 85' lang='lat' dir='ltr'><strong>voc.</strong></span> 
     </span>
     <span class='ocr_line' id='line_1_38' title="bbox 299 3921 721 3972; baseline -0.002 -2"><span class='ocrx_word' id='word_1_411' title='bbox 299 3921 408 3972; x_wconf 70' lang='lat' dir='ltr'><strong>vorlici</strong></span> <span class='ocrx_word' id='word_1_412' title='bbox 421 3922 478 3971; x_wconf 87' lang='lat' dir='ltr'><strong>cod.</strong></span> <span class='ocrx_word' id='word_1_413' title='bbox 492 3925 520 3971; x_wconf 84' lang='grc' dir='ltr'><strong>Α.</strong></span> <span class='ocrx_word' id='word_1_414' title='bbox 535 3922 577 3970; x_wconf 91' lang='lat' dir='ltr'><strong>ubi</strong></span> <span class='ocrx_word' id='word_1_415' title='bbox 590 3922 721 3972; x_wconf 81' lang='lat' dir='ltr'><strong>omittitur.</strong></span> 
     </span>
    </p>

    <p class='ocr_par' dir='ltr' id='par_1_5' title="bbox 297 4007 1358 4430">
     <span class='ocr_line' id='line_1_39' title="bbox 330 4007 1357 4073; baseline -0.003 -14"><span class='ocrx_word' id='word_1_416' title='bbox 330 4010 398 4069; x_wconf 89' lang='lat' dir='ltr'><strong>llVl,</strong></span> <span class='ocrx_word' id='word_1_417' title='bbox 411 4012 423 4073; x_wconf 84' lang='lat'>§</span> <span class='ocrx_word' id='word_1_418' title='bbox 434 4012 473 4061; x_wconf 74' lang='lat'><strong>52.</strong></span> <span class='ocrx_word' id='word_1_419' title='bbox 487 4011 583 4061; x_wconf 85' lang='lat' dir='ltr'><strong>Verba:</strong></span> <span class='ocrx_word' id='word_1_420' title='bbox 598 4018 625 4060; x_wconf 93' lang='lat' dir='ltr'><strong>ut</strong></span> <span class='ocrx_word' id='word_1_421' title='bbox 637 4011 764 4061; x_wconf 86' lang='lat' dir='ltr'><strong>secundus</strong></span> <span class='ocrx_word' id='word_1_422' title='bbox 776 4010 829 4060; x_wconf 83' lang='lat' dir='ltr'><strong>sit»</strong></span> <span class='ocrx_word' id='word_1_423' title='bbox 843 4009 972 4059; x_wconf 89' lang='lat' dir='ltr'><strong>abundare</strong></span> <span class='ocrx_word' id='word_1_424' title='bbox 984 4008 1046 4057; x_wconf 90' lang='lat' dir='ltr'><strong>mibi</strong></span> <span class='ocrx_word' id='word_1_425' title='bbox 1058 4008 1184 4057; x_wconf 89' lang='lat' dir='ltr'><strong>ridentur.</strong></span> <span class='ocrx_word' id='word_1_426' title='bbox 1197 4035 1226 4043; x_wconf 85' lang='lat'>—</span> <span class='ocrx_word' id='word_1_427' title='bbox 1239 4007 1357 4057; x_wconf 83' lang='lat' dir='ltr'><strong>Fortasse</strong></span> 
     </span>
     <span class='ocr_line' id='line_1_40' title="bbox 299 4094 1358 4163; baseline -0.005 -13"><span class='ocrx_word' id='word_1_428' title='bbox 299 4100 388 4150; x_wconf 87' lang='lat' dir='ltr'><strong>Cicero</strong></span> <span class='ocrx_word' id='word_1_429' title='bbox 407 4101 563 4162; x_wconf 86' lang='lat' dir='ltr'><strong>scripserat:</strong></span> <span class='ocrx_word' id='word_1_430' title='bbox 577 4122 587 4142; x_wconf 74' lang='grc' dir='ltr'>ι</span> <span class='ocrx_word' id='word_1_431' title='bbox 602 4113 652 4150; x_wconf 89' lang='grc' dir='ltr'>ιιοιι</span> <span class='ocrx_word' id='word_1_432' title='bbox 669 4112 698 4148; x_wconf 90' lang='lat' dir='ltr'><strong>ea</strong></span> <span class='ocrx_word' id='word_1_433' title='bbox 715 4112 771 4163; x_wconf 83' lang='lat' dir='ltr'><strong>quae</strong></span> <span class='ocrx_word' id='word_1_434' title='bbox 787 4100 909 4162; x_wconf 84' lang='lat' dir='ltr'><strong>primaria</strong></span> <span class='ocrx_word' id='word_1_435' title='bbox 920 4105 979 4147; x_wconf 89' lang='lat' dir='ltr'><strong>sunt</strong></span> <span class='ocrx_word' id='word_1_436' title='bbox 994 4118 1014 4143; x_wconf 79' lang='grc' dir='ltr'><strong>ι.</strong></span> <span class='ocrx_word' id='word_1_437' title='bbox 1034 4096 1141 4146; x_wconf 83' lang='lat' dir='ltr'><strong>Codices</strong></span> <span class='ocrx_word' id='word_1_438' title='bbox 1158 4096 1246 4157; x_wconf 90' lang='lat' dir='ltr'><strong>optimi</strong></span> <span class='ocrx_word' id='word_1_439' title='bbox 1263 4094 1358 4145; x_wconf 85' lang='lat' dir='ltr'><strong>babent</strong></span> 
     </span>
     <span class='ocr_line' id='line_1_41' title="bbox 297 4184 1357 4253; baseline -0.004 -16"><span class='ocrx_word' id='word_1_440' title='bbox 297 4188 425 4253; x_wconf 81' lang='lat' dir='ltr'><strong>primorie.</strong></span> <span class='ocrx_word' id='word_1_441' title='bbox 445 4188 558 4238; x_wconf 85' lang='lat' dir='ltr'><strong>Baiterns</strong></span> <span class='ocrx_word' id='word_1_442' title='bbox 574 4189 676 4251; x_wconf 84' lang='lat' dir='ltr'><strong>scripsit</strong></span> <span class='ocrx_word' id='word_1_443' title='bbox 689 4203 696 4235; x_wconf 90' lang='lat'>:</span> <span class='ocrx_word' id='word_1_444' title='bbox 711 4210 720 4231; x_wconf 80' lang='grc' dir='ltr'>ι</span> <span class='ocrx_word' id='word_1_445' title='bbox 736 4201 785 4237; x_wconf 85' lang='grc' dir='ltr'>ιιοιι</span> <span class='ocrx_word' id='word_1_446' title='bbox 798 4200 844 4246; x_wconf 88' lang='lat' dir='ltr'><strong>ea,</strong></span> <span class='ocrx_word' id='word_1_447' title='bbox 865 4199 921 4249; x_wconf 85' lang='lat' dir='ltr'><strong>quae</strong></span> <span class='ocrx_word' id='word_1_448' title='bbox 940 4187 1023 4248; x_wconf 91' lang='lat' dir='ltr'><strong>priore</strong></span> <span class='ocrx_word' id='word_1_449' title='bbox 1038 4186 1094 4235; x_wconf 92' lang='lat' dir='ltr'><strong>loco</strong></span> <span class='ocrx_word' id='word_1_450' title='bbox 1106 4192 1165 4234; x_wconf 89' lang='lat' dir='ltr'><strong>sunl</strong></span> <span class='ocrx_word' id='word_1_451' title='bbox 1179 4205 1200 4233; x_wconf 85' lang='lat'><strong>».</strong></span> <span class='ocrx_word' id='word_1_452' title='bbox 1213 4212 1242 4220; x_wconf 90' lang='lat'>-</span> <span class='ocrx_word' id='word_1_453' title='bbox 1262 4184 1288 4232; x_wconf 85' lang='lat' dir='ltr'><strong>Sl</strong></span> <span class='ocrx_word' id='word_1_454' title='bbox 1301 4197 1357 4233; x_wconf 88' lang='lat' dir='ltr'><strong>roc.</strong></span> 
     </span>
     <span class='ocr_line' id='line_1_42' title="bbox 298 4274 1357 4340; baseline -0.005 -13"><span class='ocrx_word' id='word_1_455' title='bbox 298 4283 392 4328; x_wconf 82' lang='lat' dir='ltr'><strong>remoto</strong></span> <span class='ocrx_word' id='word_1_456' title='bbox 407 4292 438 4327; x_wconf 84' lang='lat' dir='ltr'><strong>ex</strong></span> <span class='ocrx_word' id='word_1_457' title='bbox 458 4277 588 4340; x_wconf 89' lang='lat' dir='ltr'><strong>scriptoris</strong></span> <span class='ocrx_word' id='word_1_458' title='bbox 604 4278 779 4338; x_wconf 78' lang='lat' dir='ltr'><strong>manuduxit,</strong></span> <span class='ocrx_word' id='word_1_459' title='bbox 799 4275 1001 4326; x_wconf 77' lang='lat' dir='ltr'><strong>transferendum</strong></span> <span class='ocrx_word' id='word_1_460' title='bbox 1014 4283 1054 4325; x_wconf 86' lang='lat' dir='ltr'><strong>est</strong></span> <span class='ocrx_word' id='word_1_461' title='bbox 1066 4275 1105 4324; x_wconf 87' lang='lat' dir='ltr'><strong>rel</strong></span> <span class='ocrx_word' id='word_1_462' title='bbox 1117 4283 1176 4325; x_wconf 88' lang='lat' dir='ltr'><strong>autc</strong></span> <span class='ocrx_word' id='word_1_463' title='bbox 1192 4274 1230 4323; x_wconf 88' lang='lat' dir='ltr'><strong>rel</strong></span> <span class='ocrx_word' id='word_1_464' title='bbox 1244 4277 1299 4335; x_wconf 88' lang='lat' dir='ltr'><strong>po&#39;sl</strong></span> <span class='ocrx_word' id='word_1_465' title='bbox 1313 4287 1357 4322; x_wconf 81' lang='lat' dir='ltr'><strong>rc·</strong></span> 
     </span>
     <span class='ocr_line' id='line_1_43' title="bbox 300 4361 1358 4430; baseline -0.007 -13"><span class='ocrx_word' id='word_1_466' title='bbox 300 4368 374 4426; x_wconf 77' lang='lat' dir='ltr'><strong>iectu,</strong></span> <span class='ocrx_word' id='word_1_467' title='bbox 387 4368 573 4430; x_wconf 85' lang='lat' dir='ltr'><strong>interponendo</strong></span> <span class='ocrx_word' id='word_1_468' title='bbox 583 4372 626 4416; x_wconf 85' lang='lat' dir='ltr'><strong>out</strong></span> <span class='ocrx_word' id='word_1_469' title='bbox 637 4380 683 4417; x_wconf 91' lang='lat' dir='ltr'><strong>seu</strong></span> <span class='ocrx_word' id='word_1_470' title='bbox 694 4367 741 4416; x_wconf 77' lang='lat' dir='ltr'><strong>orl.</strong></span> <span class='ocrx_word' id='word_1_471' title='bbox 758 4392 787 4402; x_wconf 88' lang='lat'>—</span> <span class='ocrx_word' id='word_1_472' title='bbox 800 4366 812 4427; x_wconf 65' lang='grc'>5</span> <span class='ocrx_word' id='word_1_473' title='bbox 823 4366 863 4415; x_wconf 81' lang='lat'><strong>55.</strong></span> <span class='ocrx_word' id='word_1_474' title='bbox 883 4365 1005 4426; x_wconf 85' lang='lat' dir='ltr'><strong>Quoniam</strong></span> <span class='ocrx_word' id='word_1_475' title='bbox 1024 4364 1116 4428; x_wconf 85' lang='lat' dir='ltr'><strong>legitur</strong></span> <span class='ocrx_word' id='word_1_476' title='bbox 1129 4379 1137 4411; x_wconf 77' lang='grc' dir='ltr'>ι</span> <span class='ocrx_word' id='word_1_477' title='bbox 1155 4384 1165 4406; x_wconf 75' lang='grc' dir='ltr'>ι</span> <span class='ocrx_word' id='word_1_478' title='bbox 1179 4363 1212 4413; x_wconf 86' lang='lat' dir='ltr'><strong>do</strong></span> <span class='ocrx_word' id='word_1_479' title='bbox 1224 4361 1358 4412; x_wconf 84' lang='lat' dir='ltr'><strong>efficienti·</strong></span> 
     </span>
    </p>
   </div>
   <div class='ocr_carea' id='block_1_3' title="bbox 0 0 1668 5159">
    <p class='ocr_par' dir='ltr' id='par_1_6' title="bbox 0 0 1668 5159">
     <span class='ocr_line' id='line_1_44' title="bbox 0 0 1668 5159; baseline 0 0"><span class='ocrx_word' id='word_1_480' title='bbox 0 0 1668 5159; x_wconf 95' lang='lat' dir='ltr'><strong> </strong></span> 
     </span>
    </p>
   </div>
  </div>
 </body>
</html>
