3325 5159
306 730 358 791 tto
596 733 835 805 bsuuorauslll,
854 745 953 806 xum,
969 736 1069 794 31-19.

302 890 315 917 α
328 872 435 922 concedi
446 870 496 922 slbl
508 877 627 935 oportere
642 891 664 934 a,
677 871 795 935 qnoniam
807 871 923 936 sequitur
934 872 1006 937 paud.
1018 899 1048 908 -
1061 872 1073 934 i
1084 871 1123 923 31.
1143 872 1236 923 Contra
1255 872 1366 936 optimos

302 960 404 1011 codices
417 959 459 1025 qul
471 958 583 1009 babent:
598 980 608 1004 ‹
621 959 768 1023 cupiditatis
779 959 896 1011 eiusdem
909 979 932 1022 a,
946 960 1035 1024 legunt
1049 961 1115 1011 bate
1127 967 1154 1011 et
1173 960 1253 1011 llalm.
1271 962 1365 1026 acupi-

256 1043 258 1047 ’
301 1048 419 1098 dilutione
431 1048 521 1098 eisdem
534 1055 682 1099 tenerentur
696 1069 718 1105 ι,
730 1049 799 1113 quod
810 1049 931 1115 equidem
944 1062 994 1100 oon
1007 1048 1133 1113 improbo.

333 1136 385 1200 xv,
398 1135 412 1201 5
423 1136 462 1186 33.
480 1138 583 1187 cuidam
595 1138 718 1202 magistro
733 1138 822 1187 Bakirrs
834 1138 969 1210 tribuenda
982 1150 1040 1189 esse
1059 1138 1181 1188 censebat
1198 1138 1276 1188 verbu
1289 1152 1296 1186 :
1317 1136 1368 1186 «iu

303 1227 449 1290 magistratu
462 1227 604 1277 mandando
615 1239 647 1276 au
659 1226 691 1277 de
704 1226 897 1277 reo'iudieaudo
908 1228 951 1291 qui
965 1227 990 1276 in
1004 1226 1060 1291 lege
1072 1233 1116 1277 aut
1128 1228 1271 1292 rogatione,
1284 1232 1335 1276 otc.
1343 1246 1365 1276 ι.

304 1315 346 1365 llla
358 1322 442 1366 autem
456 1322 560 1366 tuentur
571 1315 678 1378 bladrlp.
693 1323 719 1365 et
738 1316 819 1366 Halm.
839 1316 882 1380 qui
899 1315 982 1366 locum
1001 1317 1038 1366 sle
1057 1316 1158 1367 ediditr
1179 1314 1321 1379 «suffragia
1339 1315 1366 1364 in

303 1406 451 1469 magistratu
464 1405 606 1455 mandando
617 1417 646 1455 ae
659 1407 691 1456 de
703 1418 749 1456 reo
761 1405 898 1456 iudicando
910 1413 985 1470 atque
1003 1406 1028 1455 in
1048 1406 1133 1470 legum
1150 1406 1282 1469 rogatione
1301 1405 1365 1455 clam

302 1507 333 1544 an
347 1495 427 1558 palam
439 1494 501 1545 ierrl
513 1493 604 1544 melius
615 1501 685 1544 esset
698 1512 720 1552 u,
734 1493 804 1546 Babil
816 1502 843 1544 et
854 1494 973 1559 Madvigii
984 1496 1053 1545 curis
1065 1508 1134 1546 ursus.
1146 1519 1177 1532 -—
1194 1494 1250 1545 lam
1267 1494 1365 1545 uiderat

302 1585 440 1635 Lambinus
450 1585 476 1633 in
489 1597 534 1635 ore
546 1583 631 1644 Quinti
644 1584 759 1647 ponenda
772 1595 829 1634 esse
843 1583 920 1651 verba
934 1600 940 1633 :
954 1602 967 1629 u
981 1587 1018 1635 lin
1031 1586 1107 1635 etiam
1125 1585 1152 1636 id
1167 1583 1272 1635 dublum
1287 1591 1328 1633 eat
1340 1602 1364 1640 a,

300 1688 357 1739 qua
368 1674 477 1724 Orellius
487 1674 580 1737 aliique
593 1673 692 1736 pristini
709 1675 822 1725 editores
842 1675 903 1725 dant
922 1676 1014 1726 Attico.
1030 1701 1057 1711 -
1071 1675 1174 1725 llalim:
1194 1672 1364 1725 «obtineriue
1453 1726 1456 1736 .

301 1764 351 1814 iam
364 1764 447 1828 possit.

332 1852 394 1914 xvi,
408 1851 473 1916 535.
491 1852 638 1915 Legeudum
650 1864 707 1902 esse
721 1851 783 1903 vidit
795 1851 907 1903 Balrlus:
923 1874 933 1895 ι
948 1852 980 1903 de
993 1851 1078 1916 populi
1089 1851 1185 1901 iudiciis
1200 1871 1223 1913 n,
1240 1864 1287 1915 pro
1298 1851 1365 1901 iudi-

301 1942 347 1991 cr'o.
360 1970 390 1980 -
403 1941 416 2006 ἓ
428 1942 467 1993 36.
482 1942 585 1992 inclusit
597 1939 677 1991 llalm.
691 1955 783 1992 nomen
796 1942 900 2001 diarius,
912 1944 981 2007 quod
992 1942 1067 1992 abest
1077 1954 1092 1992 a
1103 1942 1161 1993 cod.
1175 1945 1206 1991 Α.
1220 1967 1245 1996 ,-
1262 1941 1365 1993 Addidit

300 2032 377 2091 ldem,
390 2038 494 2081 auctore
507 2031 637 2091 Lambino,
652 2045 708 2082 voc.
721 2046 774 2090 coo,
789 2039 846 2095 post
859 2053 870 2076 «
884 2041 972 2084 nostro
985 2033 1087 2096 quidem
1104 2052 1125 2080 ι.
1138 2059 1169 2068 -
1180 2031 1289 2094 iladvig.
1302 2043 1365 2081 cen-

299 2127 339 2170 set
351 2120 487 2183 legendum
500 2134 574 2170 esse:
588 2121 640 2171 aad
652 2126 764 2170 renatum
776 2121 859 2170 delata
868 2136 895 2179 »;
907 2127 932 2170 at
944 2127 1048 2171 secutus
1059 2129 1101 2171 est
1114 2120 1225 2171 llalmius
1236 2121 1311 2171 codd.
1322 2122 1363 2171 ΑΒ

300 2211 326 2260 iu
338 2210 432 2274 <paribus
443 2209 537 2274 legitur
550 2231 560 2252 «
574 2210 606 2261 ad
618 2224 643 2259 re
655 2210 737 2260 delata
751 2229 775 2274 u,
787 2210 855 2273 quod
867 2209 929 2260 terri
941 2218 1034 2274 potest.

331 2299 404 2357 xvii,
416 2300 428 2361 ξ
439 2299 479 2349 39.
497 2298 603 2362 Scripsit
614 2298 746 2349 llalmius:
763 2320 773 2341 ι
787 2306 815 2350 ut
825 2300 926 2351 desinat
937 2299 1047 2350 ambitus
1060 2319 1085 2361 ι,
1106 2314 1151 2363 pro
1171 2299 1239 2364 vulg.
1260 2320 1270 2345 ι
1284 2306 1312 2350 ut
1330 2312 1363 2349 ne

300 2389 351 2439 siut
361 2388 472 2439 ambitus
482 2409 504 2451 ι,
517 2389 585 2452 quod
599 2388 716 2439 uitiosum
728 2394 768 2439 est
779 2388 812 2439 ob
825 2403 857 2439 ue
867 2396 894 2439 et
906 2388 1029 2453 pluralem
1042 2402 1098 2439 voc.
1110 2388 1225 2438 ambitur.
1237 2387 1362 2451 Equidem

300 2479 381 2542 legam
394 2473 422 2528 ut
433 2477 514 2527 inira:
530 2478 623 2527 «sileat
634 2477 745 2528 ambitus
759 2498 779 2526 ι.
793 2506 824 2515 -
836 2478 1034 2542 ambiguitatem
1047 2477 1129 2541 piguit
1140 2477 1217 2527 lectio
1229 2476 1298 2541 vulg.
1312 2496 1324 2520 ι
1337 2477 1363 2526 in

300 2580 347 2633 pao
360 2567 452 2632 populo
465 2574 577 2630 potestas
589 2568 695 2617 boneste
707 2566 782 2617 bonis
793 2566 952 2631 gratificandi
965 2567 1040 2617 datur
1054 2582 1080 2625 »;
1092 2565 1176 2616 malim
1193 2566 1288 2630 legerev
1298 2566 1362 2629 qaod

300 2670 346 2721 pro
357 2657 383 2706 ia
395 2669 451 2721 qao,
466 2655 505 2706 vel
516 2655 603 2706 delere
616 2669 704 2706 rocem
714 2656 814 2720 popolo,
827 2668 884 2719 quae
896 2654 969 2705 facile
982 2655 1073 2706 abesse
1086 2662 1178 2718 potest.
1191 2683 1223 2693 -
1233 2656 1246 2719 5
1257 2656 1298 2707 td.
1311 2654 1363 2704 be-

299 2747 409 2810 geudum
422 2758 480 2795 esse
492 2745 608 2807 suspicor
620 2761 627 2793 τ
643 2765 653 2787 ι
667 2745 737 2805 Quod
751 2746 860 2809 reputor
872 2745 897 2793 in
909 2752 999 2795 senatu
1011 2758 1061 2795 nou
1073 2745 1210 2804 difficile»,
1229 2758 1275 2809 pro
1285 2744 1360 2795 codd.

300 2833 358 2884 leet.
375 2834 469 2894 uQuod
481 2834 502 2883 si
512 2834 539 2883 ln
550 2846 616 2895 sem,
630 2843 679 2884 etc.
696 2834 753 2885 »ob
769 2832 890 2897 frequens
909 2834 1088 2898 compendium
1106 2848 1130 2883 v.
1149 2835 1276 2898 sepultum·
1294 2833 1363 2897 quod

299 2922 450 2985 Madvigium
463 2930 490 2973 et
501 2923 604 2972 Balbum
618 2922 719 2986 lugit-
734 2924 865 2974 correctio
878 2923 971 2974 barisii
982 2923 1092 2987 legentis
1102 2924 1240 2973 auditorem
1247 2922 1363 2973 iisratio-
1398 2944 1402 2951 ·

299 3011 374 3060 nibus
386 3024 448 3074 quas
459 3011 626 3061 Rulrnlenius
636 3011 667 3061 ad
685 3012 748 3062 Vell.
763 3012 781 3072 l,
798 3011 826 3061 13
837 3012 953 3063 adhibuit
965 3025 1014 3063 non
1027 3012 1155 3075 repudiari
1172 3016 1264 3075 potest
1282 3011 1361 3062 codd.

299 3099 339 3150 ΑΒ
350 3100 445 3149 babent
459 3120 469 3144 ι
482 3100 515 3149 ab
527 3107 656 3150 auctorem
673 3114 699 3160 »;
712 3100 792 3150 llalm.
806 3101 896 3150 scribit
913 3119 926 3145 u
939 3102 969 3151 ad
987 3107 1116 3152 auctorem
1132 3115 1160 3158 »;
1177 3099 1286 3150 Orellius
1304 3112 1362 3150 cum

297 3190 416 3240 Turnebo
427 3208 440 3234 u
453 3189 484 3239 ad
496 3196 609 3239 actorem
624 3209 645 3237 ι,
654 3216 685 3225 -
696 3190 777 3239 Verba
790 3208 803 3233 a
817 3190 842 3239 iu
856 3190 981 3240 sententia
996 3209 1007 3233 n
1021 3189 1112 3240 merito
1126 3189 1228 3240 inclusit
1240 3187 1360 3251 Halmius,

299 3277 393 3328 Orellio
409 3285 565 3328 auctore-
582 3278 700 3328 Omittam
720 3292 778 3328 curn
790 3277 868 3329 Bauio
879 3293 1006 3343 penarum,
1025 3288 1084 3330 ante
1103 3279 1153 3328 «in
1172 3286 1278 3342 utroque
1293 3299 1314 3326 ».
1331 3305 1361 3316 -

298 3367 361 3429 511.
374 3367 428 3415 lam
442 3365 568 3415 Manutius
580 3366 717 3417 incluserat
729 3384 742 3412 κ
756 3380 798 3416 res
815 3367 915 3430 publiea
931 3387 952 3428 »‚
971 3374 1029 3431 post
1044 3368 1121 3417 rudos
1129 3386 1137 3424 ;
1154 3374 1252 3429 poterat
1268 3366 1360 3417 omitti.

329 3456 393 3515 xlx,
406 3456 419 3519 ἓ
431 3455 471 3505 13.
488 3455 515 3505 Si
525 3456 633 3506 addatur
643 3470 677 3514 se,
691 3464 748 3519 post
760 3456 907 3514 marmaissa,
922 3470 972 3505 non
985 3469 1049 3518 opus
1061 3456 1175 3506 inserere
1186 3469 1212 3505 re
1223 3463 1283 3506 anto
1298 3469 1362 3506 eurt-

298 3544 427 3602 ra‘licrium,
441 3544 485 3593 nbi
496 3544 631 3607 legendum
643 3546 686 3603 ric,
700 3544 767 3609 quod
780 3545 936 3607 respondeat
949 3551 1013 3607 part.
1028 3548 1063 3603 ul,
1076 3552 1135 3595 unte
1148 3564 1160 3589 ι
1172 3531 1224 3594 sibi
1235 3556 1281 3595 eos
1296 3564 1317 3591 ².
1329 3572 1361 3581 -

298 3632 415 3683 Fortasse
428 3632 563 3695 legendum
577 3647 584 3680 t
599 3654 609 3676 ι
623 3633 672 3683 sibi
684 3633 833 3695 deliniendos
851 3646 909 3683 esse
927 3633 1068 3684 traditas».
1089 3635 1156 3685 Bake
1177 3633 1278 3684 volebat
1296 3633 1360 3684 dioi-

298 3722 373 3771 uitus.
387 3748 417 3758 -
430 3722 442 3783 5
454 3722 493 3771 11.
507 3722 603 3785 Sequar
614 3734 671 3771 cum
684 3721 781 3773 llalmio
801 3721 929 3772 llarislum
946 3730 972 3772 et
991 3722 1141 3773 Lambinum
1156 3722 1183 3771 iu
1203 3719 1359 3773 resutueudo

299 3810 356 3861 loco
369 3826 376 3859 ι
390 3832 400 3853 ι
415 3818 441 3860 et
452 3812 563 3861 noudum
575 3812 638 3861 uotis
650 3810 779 3862 seditiosis
792 3812 901 3862 tribunis
914 3812 1004 3875 plebis,
1017 3826 1049 3862 ne
1062 3812 1172 3875 copitalia
1183 3812 1287 3874 quidem
1299 3829 1321 3858 »-
1329 3835 1361 3848 -·

301 3895 416 3947 Fortasse
429 3898 465 3947 sic
478 3898 611 3961 legendum
625 3913 632 3947 a
648 3919 657 3939 ·
672 3911 729 3948 eum
743 3899 807 3963 legis
820 3899 979 3959 habuissit,
993 3907 1021 3949 ut
1032 3900 1097 3949 Mem
1108 3900 1199 3949 scitum
1214 3899 1249 3948 sit
1266 3906 1293 3950 et
1308 3898 1362 3948 ius·

299 3998 353 4036 sum
367 3986 392 4036 in
404 3999 532 4036 omnes...
859 3971 860 3974 '
1181 4018 1184 4025 .

331 4072 383 4134 xx,
400 4074 412 4136 ξ
427 4074 468 4125 tt.
489 4074 603 4137 Legum:
626 4075 774 4139 uintegram
800 4090 854 4126 rem
877 4085 961 4128 tamen
978 4078 1066 4142 legi»,
1086 4090 1142 4140 quae
1161 4090 1209 4128 vox
1227 4076 1362 4128 absorberi
1449 4095 1452 4100 ⁴

298 4161 381 4226 potuit
393 4159 410 4211 'a
421 4163 514 4222 syllaba
527 4166 696 4227 praecedente.
710 4193 740 4203 -
751 4165 765 4230 ὅ
777 4166 817 4217 tt.
835 4168 918 4217 llalim
934 4185 939 4217 :
959 4190 969 4211 ι
983 4167 1021 4218 sic
1032 4181 1133 4231 proruas
1145 4180 1239 4219 censeo
1254 4187 1275 4226 »,
1292 4166 1362 4231 quod

297 4264 349 4303 non
361 4251 507 4315 ambiguum
519 4261 547 4303 ut
558 4267 669 4318 prorum.

787 4407 873 4458 FllllS.
