3325 5159
483 588 649 647 [terremus
664 592 968 663 eononrull,vttt-tx‚
983 595 1076 653 tar-as.
1275 598 1304 653 51

250 736 306 779 utra
318 728 397 778 lorma
416 743 448 779 es
465 730 533 779 serie
547 730 669 779 orationis
681 732 805 796 ejicienda
818 738 873 781 est:
893 731 1010 793 equidem
1020 733 1186 794 posteriorem
1199 748 1308 783 serrem.

250 817 317 878 (vid.
329 830 371 879 ep.
383 819 415 868 ad
427 822 477 868 Att.
490 819 552 875 llVl,
565 820 590 881 3,
603 821 637 882 l.)
648 821 690 869 Sic
702 827 786 883 potest
797 834 900 870 manere
914 822 986 883 paulo
998 820 1062 870 inira
1074 820 1180 872 lormula
1195 823 1311 874 udoloris

251 906 416 966 vacuitatem,
428 921 504 970 quarn
515 908 596 958 deleri
605 909 711 971 jubebat
723 910 872 959 Ernestins:
888 909 950 958 milri
963 914 1046 959 tamen
1057 910 1187 961 abundare
1200 912 1308 970 videtur,

250 1004 315 1047 etex
322 996 465 1047 scholiastae
475 1006 639 1049 mauuortam
651 1013 754 1050 esse.—
767 1002 779 1063 5
793 1001 831 1050 ta.
844 1002 911 1051 Bene
919 1002 1004 1051 omisit
1012 1002 1103 1051 Baiter.
1113 1006 1156 1051 out
1166 1011 1225 1053 ante
1235 1018 1310 1054 voces

251 1103 263 1127 ι
276 1084 413 1146 voluptatis
423 1098 499 1134 causa
510 1105 568 1134 ».-
580 1086 641 1148 tro.
656 1088 761 1151 Legitur
772 1089 798 1137 in
811 1088 938 1152 plerisque
951 1090 1082 1140 codicibus
1090 1105 1097 1137 ι
1106 1090 1247 1141 nemetiam
1259 1092 1310 1142 evi·

250 1178 304 1221 tare
311 1182 400 1237 posset
412 1189 441 1236 »;
459 1176 632 1226 atsecundum
645 1176 772 1235 liminum,
781 1178 921 1241 Madvigius
933 1180 1079 1229 etBaitetus
1090 1180 1225 1230 ediderunt
1238 1201 1249 1223 v
1259 1181 1308 1231 nisi

247 1263 324 1312 etiam
336 1265 431 1315 evitare
443 1272 530 1328 posset
543 1285 572 1325 r,
592 1267 660 1329 qood
673 1267 737 1316 male
750 1269 889 1330 respondet
901 1276 953 1318 tum
966 1269 998 1317 iis
1015 1283 1071 1331 quae
1082 1283 1158 1332 supra
1170 1270 1306 1334 leguntur:

251 1377 262 1398 ι
276 1356 353 1405 etiam
372 1356 394 1405 si
413 1355 475 1404 nihil
494 1368 719 1418 consequamur»,
742 1362 796 1406 tum
813 1357 845 1406 iis
867 1370 923 1414 ortae
941 1356 1027 1423 inira:
1049 1358 1149 1407 «etiam
1168 1360 1190 1408 si
1209 1372 1238 1408 ea
1257 1372 1309 1409 non

249 1458 415 1509 assequamur
424 1459 454 1502 »ις
466 1445 585 1510 quoniam
603 1447 718 1511 delorem
730 1459 832 1509 semper
844 1448 940 1497 evitare
953 1448 1099 1497 hominibus
1111 1461 1161 1498 non
1174 1450 1258 1509 datur,
1268 1449 1309 1499 hic

250 1533 354 1597 negatio
360 1547 410 1584 uon
417 1534 533 1584 addenda
542 1542 609 1584 erat:
622 1534 849 1598 itaquelegendum
858 1536 961 1598 opinor:
972 1536 1085 1586 «etiamsi
1093 1537 1189 1586 evitare
1198 1545 1309 1599 possets.

280 1622 345 1680 vill,
358 1621 423 1686 §il
441 1622 527 1672 Codex
547 1623 566 1672 G
585 1623 663 1673 habet
682 1624 710 1672 de
721 1636 835 1683 summm
852 1624 937 1687 itaque
948 1624 1034 1674 malim
1046 1626 1124 1675 edere
1137 1645 1149 1669 α
1162 1625 1194 1675 de
1207 1639 1306 1678 summo

250 1712 319 1762 trono
336 1712 470 1762 sententie
481 1732 506 1771 ·,
526 1712 631 1762 mutatio
650 1726 705 1763 voc.
718 1727 814 1762 summo
826 1713 852 1761 iu
864 1728 962 1762 summo
978 1714 1113 1763 lectionem
1126 1714 1250 1777 vulgatam
1267 1715 1310 1764 ad-

249 1802 322 1851 duxit
340 1800 459 1850 bonorum
473 1802 659 1865 mulorumque;
677 1803 785 1867 legimus
808 1803 882 1866 paulo
893 1802 957 1852 inira
975 1804 1066 1853 enormi
1078 1803 1142 1853 bont.
1158 1831 1187 1840 -
1207 1804 1309 1853 liecen-

250 1889 330 1939 tiores
349 1889 476 1951 editores,
497 1891 622 1953 iladvig,
641 1891 739 1948 lllotz„
765 1892 873 1948 Baiter,
896 1892 1015 1942 omittunt
1031 1893 1134 1942 locum:
1162 1892 1308 1953 «Quoniam

250 1977 329 2040 igitur
339 1984 366 2027 et
381 1978 414 2028 de
431 1978 558 2041 voluptate
569 1993 626 2029 cum
638 1981 764 2043 Torguato
776 1987 803 2030 et
814 1981 847 2031 de
858 1982 1003 2040 honestate,
1014 1982 1040 2030 in
1054 1995 1102 2045 qua
1115 1995 1164 2031 una
1177 1995 1252 2032 omne
1264 1982 1309 2032 bo·

250 2080 312 2115 num
323 2074 477 2129 poneretur,
500 2081 557 2118 cum
581 2070 675 2119 Catone
697 2076 738 2118 est
754 2070 919 2132 disputatum,
932 2070 1049 2132 primum.
1062 2083 1118 2133 quae
1128 2078 1215 2121 contra
1228 2072 1311 2135 volup

250 2155 403 2205 tatemdicta
414 2164 483 2219 sunt,
497 2158 586 2207 eadem
599 2156 653 2207 lere
665 2158 758 2208 cadunt
770 2166 857 2207 contra
873 2159 1021 2208 vacuitatem
1029 2158 1126 2209 doloris
1135 2173 1237 2223 »‚quem
1246 2158 1309 2209 alie-

251 2257 310 2294 num
317 2244 368 2307 jam
376 2246 660 2296 notaveratlluretuset
668 2255 740 2297 vetus
753 2248 953 2297 additamentum
962 2260 1021 2297 esse
1028 2247 1211 2297 demonstravit
1224 2248 1310 2298 nisse-

251 2331 315 2381 nius.
329 2332 469 2396 Madvigius
480 2334 557 2384 etiam
568 2342 655 2384 contra
668 2336 800 2385 veritatem
811 2342 838 2386 et
849 2336 1020 2385 Ciceronianae
1031 2336 1155 2384 orationis
1165 2335 1237 2397 leges
1249 2349 1309 2398 pec-

250 2420 346 2471 cavisse
366 2422 463 2472 monuit
482 2422 558 2485 hujus
575 2422 746 2473 adnotationis
764 2431 909 2482 auctorem,
927 2436 1001 2487 quam
1018 2436 1108 2472 omnes
1119 2423 1222 2473 codices
1234 2424 1310 2473 eriri-

251 2510 320 2559 lveut.
338 2509 384 2560 Vir
402 2524 487 2573 operae
499 2511 607 2574 pretium
619 2520 659 2562 est
676 2513 772 2563 addere
790 2526 821 2562 ex
839 2512 886 2562 ista
899 2512 1215 2575 interpolatione'aliamm
1227 2514 1310 2564 minus

250 2600 454 2663 manifestarum,
472 2602 559 2665 quales
571 2602 638 2652 haud
650 2615 742 2665 paucas
754 2603 930 2664 iudicavimus,
945 2602 1115 2665 suspicionem
1129 2603 1195 2665 apud
1206 2602 1310 2653 criticos

250 2691 347 2739 moveri
364 2690 504 2753 legitimum
524 2704 591 2741 esse.
604 2720 634 2728 —
650 2692 714 2754 §22
735 2692 761 2741 Si
778 2692 857 2742 addas
875 2706 932 2741 cum
945 2692 1070 2753 Madvigio
1089 2692 1121 2749 td,
1138 2699 1197 2741 aute
1214 2692 1311 2742 «efficit

250 2786 324 2841 turpe
338 2798 367 2836 ι,
384 2778 523 2829 abundabit
541 2786 600 2829 ante
616 2798 629 2825 «
642 2780 725 2843 ipsum
742 2781 876 2831 honestum
891 2799 913 2827 n.
926 2809 956 2815 -
975 2780 1039 2830 Vere
1057 2780 1153 2831 monuit
1170 2780 1310 2843 Madvigius

248 2881 300 2916 non
312 2868 362 2931 legi
375 2882 450 2930 posse
462 2869 536 2926 diem,
553 2877 580 2918 ut
593 2869 694 2919 volebat
705 2869 822 2929 Orellius,
836 2883 882 2931 pro
894 2869 972 2925 dicut,
990 2875 1016 2917 et
1027 2869 1118 2919 durum
1130 2881 1188 2918 esse
1200 2869 1222 2918 si
1234 2868 1308 2919 detur

250 2956 308 3005 huic
321 2956 399 3007 temo
411 2955 554 3019 subjectum
567 2972 622 3012 res,-
639 2958 722 3021 itaque
735 2958 871 3020 legendum
880 2958 986 3020 opinor:
1002 2958 1187 3008 «Adeasenim
1199 2958 1310 3007 rationes

250 3043 345 3094 referre
362 3058 418 3109 quae
436 3058 511 3108 agas,
528 3059 634 3110 quarum
646 3046 709 3103 uni,
726 3046 748 3095 si
760 3046 817 3109 qrtis
828 3046 893 3094 malo
905 3053 1004 3108 careat,
1021 3046 1047 3094 in
1059 3058 1158 3095 summo
1171 3059 1228 3095 eum
1242 3046 1309 3096 bono

249 3133 330 3184 dicant
340 3147 406 3190 esse,
424 3134 502 3184 altera
515 3143 640 3192 versetur,
652 3143 702 3185 cet.
715 3155 728 3181 »
744 3135 926 3197 compendium
939 3135 1010 3185 vocis
1026 3137 1134 3185 rationes
1150 3148 1225 3198 quam
1238 3136 1309 3185 vole-

250 3222 293 3272 bat
305 3223 456 3281 Lambinus,
473 3224 586 3273 inanitum
598 3223 646 3273 luit
659 3238 703 3285 pro
717 3238 778 3274 voce
789 3238 846 3279 rea:
864 3224 957 3274 omissa
970 3222 1017 3274 suit
1033 3223 1072 3273 vel
1089 3224 1205 3287 neglecta
1218 3223 1308 3274 lineola

249 3325 325 3374 supra
339 3312 449 3362 litteram
460 3328 475 3361 o
487 3313 512 3361 in
525 3314 604 3363 verbo
616 3297 681 3363 die'o‘l
692 3327 728 3364 sc.
742 3315 832 3363 dieunt.

282 3401 323 3463 tx,
336 3402 398 3464 5⁰24.
411 3404 507 3452 Novum
520 3402 561 3452 hic
573 3403 695 3453 habemus
706 3404 1007 3467 geminaeenunciationis
1019 3404 1176 3466 exemplum3
1190 3404 1229 3453 viv
1242 3403 1308 3453 enim

250 3490 308 3539 talis
319 3491 455 3554 tautologia
466 3491 527 3540 terri
541 3498 633 3554 potest,
642 3506 720 3555 qttum
732 3492 802 3555 legas
813 3492 839 3541 in
853 3491 902 3541 line
914 3491 935 3555 §t
952 3493 1067 3542 eamdem
1083 3492 1235 3542 senteutiam
1254 3506 1310 3556 qum

249 3579 276 3627 in
292 3578 373 3629 altero
392 3579 478 3641 primae
499 3580 633 3630 sententiae
651 3580 766 3630 membro
789 3587 929 3629 enarratur.
952 3579 1041 3629 Cicero
1065 3579 1134 3641 prins
1156 3579 1308 3641 scripserat:

251 3689 261 3709 a
275 3668 355 3717 Omne
365 3668 456 3717 animal
476 3682 504 3718 se
515 3670 598 3731 ipsum
610 3668 693 3732 diligit
704 3683 744 3727 ac,
761 3668 837 3718 simul
850 3676 876 3719 et
890 3676 974 3718 ortum
988 3676 1035 3726 est,
1053 3668 1078 3717 id
1091 3667 1153 3731 agit,
1166 3681 1194 3717 se
1206 3674 1232 3716 ut
1245 3681 1310 3717 con-

248 3764 335 3805 servet
350 3763 427 3821 atque
445 3758 480 3806 ita
498 3758 532 3806 sit
550 3757 668 3806 allectum
687 3766 715 3807 ut
727 3758 822 3820 optime
841 3759 980 3807 seeundum
994 3766 1107 3807 naturam
1120 3755 1238 3807 allectum
1251 3769 1309 3805 esse

250 3846 330 3906 possit
343 3860 370 3906 »3
387 3853 616 3909 postquamamem
628 3848 718 3895 eadem
730 3848 755 3896 in
769 3847 819 3896 line
830 3847 931 3896 articuli
943 3846 1035 3897 melius
1047 3847 1127 3909 posita
1140 3858 1198 3895 esse
1208 3844 1309 3906 judiea-

251 3942 331 3995 verat‚
343 3935 381 3984 sic
393 3936 532 3985 orationem
544 3936 649 3985 mutavit
661 3937 686 3984 in
699 3935 840 3998 prino-ipio:
859 3955 870 3977 a
887 3972 892 3983 .
908 3971 913 3982 .
930 3970 935 3982 .
952 3972 957 3982 .
970 3934 995 3984 id
1008 3935 1070 3996 agit,
1085 3941 1111 3982 ut
1122 3947 1150 3983 se
1163 3939 1308 3992 conservet,

248 4023 316 4085 quod
330 4023 370 4073 iric
389 4024 414 4073 ei
426 4024 522 4086 primus
533 4025 564 4073 ad
576 4038 678 4078 omnem
694 4026 769 4073 vitam
781 4024 902 4074 tuendam
920 4023 1048 4085 appetitus
1062 4036 1075 4070 a
1091 4028 1179 4071 natura
1197 4020 1281 4070 datur.
1297 4038 1309 4063 n

250 4112 393 4162 omittenda
412 4125 474 4174 ergo
494 4113 611 4163 videntur
630 4114 726 4163 verba:
754 4126 806 4163 «se
827 4121 856 4162 ut
878 4118 1012 4162 conservet
1029 4147 1035 4160 .
1051 4147 1056 4157 .
1072 4148 1078 4159 .
1093 4148 1099 4158 .
1112 4110 1230 4160 allectum
1251 4124 1309 4159 esse

251 4200 365 4262 possit».
379 4229 410 4236 —
428 4202 442 4265 ἓ
458 4201 497 4250 25.
516 4202 561 4251 Vin
579 4202 707 4267 intelligas
721 4203 848 4267 quomodo
865 4201 914 4252 dici
935 4202 1015 4264 possit
1032 4201 1176 4251 animalium
1197 4200 1308 4250 omnium

251 4296 365 4338 naturam
378 4303 435 4339 esse
443 4303 613 4351 communem,
624 4306 702 4355 quum
713 4291 787 4353 paulo
799 4303 874 4353 supra
886 4290 1006 4339 doceatur
1018 4304 1089 4339 suam
1097 4289 1220 4353 cujusque
1236 4297 1308 4339 uatu-

251 4391 305 4427 ram
315 4392 389 4438 esse;
408 4379 492 4443 itaque
506 4380 544 4430 vel
562 4380 731 4431 omittendum
742 4381 851 4431 incisum
864 4395 870 4428 ε
890 4398 901 4425 tt
916 4379 1033 4443 quoniam
1046 4380 1157 4430 omnium
1169 4386 1207 4428 cst
1220 4386 1308 4427 natura
