3325 5159
302 532 337 589 ⁹20
535 530 576 586 lic
592 541 708 586 sturnus
722 541 860 586 cououou
875 528 897 597 l,
913 541 1024 598 nrt-xxi,
1040 529 1134 586 titi-it.

303 678 333 688 -
345 651 443 710 Qtrauto
462 651 546 700 mirus
562 651 633 700 tarda
653 649 826 713 impeditaque
850 649 925 713 irrrjus
944 649 1041 712 periodi
1055 657 1181 711 postrema
1194 661 1263 712 pars,
1276 658 1373 713 quiante

301 742 403 804 dignior
414 740 547 798 Cicerone,
560 748 588 790 ut
601 740 663 791 milti
675 740 779 803 quidem
792 739 901 801 videtur,
909 740 932 789 si
940 739 1373 792 omissisistislnanibuscommen-

303 830 383 890 tariis,
396 829 439 892 qni
451 828 483 878 iis
494 842 550 892 quae
563 828 637 891 paulo
648 836 707 877 autc
715 827 824 890 scriptor
835 827 891 890 ipse
903 827 1040 878 declaravit
1051 827 1114 877 nilril
1120 827 1254 891 quicquam
1261 829 1372 890 addunt,

303 918 336 967 ita
357 916 441 981 legas:
454 934 467 962 u
486 923 513 967 et
524 917 624 967 sedatio
641 916 720 965 animi
732 922 758 965 et
770 916 923 977 moderatio,
937 921 974 978 et,
986 923 1014 965 ut
1026 917 1103 967 modo
1114 916 1200 978 docui,
1213 917 1268 967 reri
1280 923 1294 966 a
1308 916 1372 967 laiso

301 1007 432 1058 distinctio
450 1006 557 1057 traditur
566 1024 587 1053 ·.
601 1005 644 1054 Vix
665 1011 740 1066 putes
757 1004 906 1055 Ciceronem
923 1005 958 1055 ita
969 1005 1104 1068 scripsisse
1115 1012 1143 1055 nt
1154 1004 1180 1054 in
1192 1017 1238 1055 cre
1248 1005 1373 1069 Torquati

302 1095 422 1158 Epicurei
435 1094 570 1145 «omnium
583 1107 669 1145 rerum
681 1095 837 1145 occultarum
850 1094 1036 1158 ignorationem
1047 1094 1079 1144 ab
1091 1093 1212 1157 magistro
1224 1092 1369 1145 sublatam»

303 1191 426 1246 poneret3
445 1182 648 1235 moderationem
667 1191 748 1233 ortam
766 1196 825 1234 esse
845 1197 876 1233 ex
896 1191 984 1234 natura
1001 1182 1168 1246 cupiditatum
1179 1182 1370 1247 generibusque

301 1284 389 1322 earnm
405 1271 555 1334 explicatis3
567 1272 677 1335 deniqne
689 1284 704 1322 a
716 1272 870 1335 cognitionis
888 1272 974 1336 regola
984 1271 1107 1334 iodicium
1119 1284 1177 1323 esse
1188 1272 1369 1333 constitntnm;

300 1360 367 1421 sive,
379 1367 408 1411 ut
426 1360 538 1412 correxit
557 1360 677 1425 iladvig,
690 1362 721 1410 ab
739 1361 824 1411 codem
843 1361 897 1423 iiic,
915 1360 1014 1412 scilicet
1026 1361 1147 1423 lipicuro,
1159 1362 1227 1424 quod
1239 1361 1279 1411 vix
1294 1361 1370 1411 ullius

301 1451 406 1501 lectoris
428 1450 454 1499 in
477 1457 590 1500 mentem
599 1450 684 1500 xfacile
704 1450 799 1501 veniet.
812 1450 858 1501 liic
870 1463 963 1500 novom
975 1450 1064 1500 subest
1075 1450 1230 1513 exemplum,
1243 1450 1269 1500 ni
1285 1450 1370 1512 latior,

300 1538 531 1589 additamentcrum
543 1552 599 1602 qrroe
611 1539 739 1590 interdum
752 1539 793 1589 bis
804 1539 829 1589 iu
851 1539 924 1589 tibris
942 1539 1083 1590 orationem
1102 1538 1240 1590 Tullianam
1259 1523 1367 1603 iampri-

301 1630 360 1679 dem
372 1627 526 1680 iniecerunt.

333 1716 386 1777 ilii,
399 1716 462 1778 §⁶5-
482 1716 579 1767 liesunt
598 1717 624 1766 iu
643 1717 795 1780 quibusdam
807 1718 950 1778 codicibus,
963 1716 1135 1768 deterioribus
1145 1717 1248 1780 quidem
1260 1718 1306 1767 sed
1319 1730 1369 1768 non

300 1803 356 1854 sine
369 1804 530 1862 anctoritate,
545 1805 619 1854 verba
632 1809 656 1853 et
666 1804 739 1867 scetis
750 1819 807 1868 qute
818 1804 948 1855 abundant
961 1812 1018 1867 post
1031 1804 1181 1856 vocabulum
1192 1805 1249 1864 cito,
1258 1804 1370 1855 uisima-

300 1893 332 1942 lis
343 1892 392 1944 lroe
403 1892 532 1944 omittere.
546 1920 576 1930 -
588 1893 676 1957 Neque
687 1894 835 1945 desiderem
847 1894 912 1945 banc
929 1894 1080 1945 clausulam:
1095 1894 1146 1944 «dc
1158 1892 1305 1944 bominibus
1317 1894 1369 1945 dici

302 1991 352 2029 uon
365 1992 472 2031 necesse
484 1987 553 2040 ests,
565 1982 588 2031 sl
606 1982 664 2044 quis
680 1994 737 2032 eam
756 1982 844 2033 delere
863 1982 933 2033 velit.
945 2010 976 2020 -
988 1984 1000 2045 ξ
1011 1981 1052 2033 or.
1072 1982 1153 2043 Quum
1169 1981 1219 2031 sibl
1229 1982 1370 2033 succedant

301 2069 437 2119 sentcntiae
454 2068 531 2119 simili
549 2070 627 2120 modo
648 2070 806 2133 compositae,
827 2083 934 2133 quarum
950 2071 1029 2121 altera
1049 2076 1152 2134 praestat
1171 2069 1308 2133 particulas
1317 2084 1370 2121 oon

301 2158 403 2210 modo...
417 2159 461 2208 aed
473 2160 560 2221 etiam,
579 2160 657 2209 altera
674 2173 724 2210 noo
742 2159 854 2210 sctum...
873 2160 917 2209 sed
929 2161 1020 2220 etiam,
1032 2161 1143 2223 suspicio
1155 2168 1266 2211 mentem
1278 2161 1368 2224 subiit,

300 2246 424 2309 brevique
441 2248 550 2309 cognovi
569 2248 737 2310 posteriorem
756 2261 807 2298 non
826 2248 976 2298 servandam
996 2260 1069 2310 csse,
1090 2248 1186 2311 qnippe
1208 2260 1264 2312 quae
1282 2258 1370 2301 careat

301 2347 454 2398 progressu;
467 2343 588 2398 praeterea
601 2349 651 2386 nor
664 2336 737 2387 lacile
755 2335 842 2387 videas
852 2336 884 2386 ad
896 2348 971 2400 qnam
985 2348 1073 2386 vocem
1085 2334 1175 2386 reterri
1187 2336 1281 2386 debeat
1293 2349 1369 2398 pron.

301 2422 397 2485 quibem,
410 2436 459 2474 nec
469 2423 538 2488 quod
550 2423 693 2487 subjectum
707 2423 804 2474 tribuas
815 2425 902 2474 verbis
913 2423 1034 2485 trauntur
1044 2432 1071 2474 et
1084 2424 1226 2488 eriperetur,
1240 2431 1294 2474 tum
1302 2427 1369 2489 pond

301 2518 359 2572 post
377 2511 526 2561 vccabulum
547 2512 663 2575 temporis
675 2511 798 2562 lectorem
811 2511 914 2560 turbat:
927 2511 1037 2574 denique
1050 2509 1178 2573 posterior
1188 2511 1315 2561 sententia
1328 2512 1369 2561 ni-

300 2597 335 2648 bil
348 2605 388 2649 est
398 2598 450 2649 nisi
462 2599 531 2661 prior
544 2598 623 2648 torma
635 2598 691 2661 ejus
703 2610 751 2661 qua
768 2598 974 2660 §ocerannum
990 2598 1102 2661 «ortibus
1114 2598 1193 2661 partis
1204 2597 1369 2649 confirmatur

299 2686 400 2737 animus
413 2693 440 2738 et
457 2698 472 2737 a
491 2699 537 2750 spe
555 2687 732 2749 pariendarum
745 2687 902 2750 voluptatum
913 2686 1015 2750 sejungi
1026 2700 1077 2739 non
1089 2693 1175 2750 potest
1183 2705 1206 2747 r,
1219 2699 1295 2750 quam
1306 2688 1368 2737 Tul-

300 2774 349 2823 lius
365 2774 438 2824 alteri
456 2773 598 2835 substituit,
618 2780 644 2824 nt
658 2774 849 2837 ambiguitatem
861 2780 888 2825 et
900 2774 1082 2825 obscuritatem
1094 2786 1142 2838 qna
1155 2773 1224 2836 prior
1235 2773 1369 2826 labombat

299 2862 399 2913 vitaret.
413 2861 574 2913 Manifestum
586 2876 647 2913 sane
659 2863 805 2926 exemplum
817 2863 926 2927 geminae
938 2862 1055 2925 eiusdem
1066 2862 1200 2913 sententie
1211 2862 1369 2913 enuntiatio-

299 2952 350 3015 uis,
362 2952 435 3017 cujus
446 2952 507 3003 iacti
517 2953 566 3003 alia
578 2953 685 3017 vestigia
696 2953 864 3017 signavimus,
877 2959 903 3004 et
914 2953 962 3003 alia
975 2959 1079 3002 manent
1091 2952 1202 3002 nondum
1213 2952 1324 3002 detecta.
1337 2978 1368 2987 -

299 3039 366 3104 569.
378 3041 432 3093 Non
444 3041 569 3092 satisfacit
580 3042 656 3092 lectio
669 3042 813 3101 noluntates,
826 3054 902 3105 utram
915 3040 1006 3103 probat
1018 3040 1168 3103 Madvigius,
1176 3046 1234 3103 post
1243 3061 1253 3082 ι
1262 3052 1369 3091 consue·

299 3128 414 3178 tudinum
431 3128 679 3182 instituendarum»‚·
694 3128 735 3177 vix
752 3126 866 3189 reperias
885 3127 1030 3189 exemplum
1042 3127 1170 3190 ejusmodi
1181 3126 1367 3189 copulationis;

299 3223 422 3277 preterea
440 3215 547 3267 otieodit
566 3214 715 3277 proximitas
733 3227 824 3264 vocum
840 3214 978 3264 uoluntates
988 3222 1015 3265 et
1026 3214 1189 3278 ocloptotcm3
1202 3213 1321 3277 equidem
1333 3214 1368 3266 ic·

299 3302 411 3364 gendum
429 3315 488 3353 csse
505 3302 638 3365 suspicor:
658 3301 896 3352 connsuetudinum
915 3302 1128 3354 instituendarum
1140 3316 1217 3353 coma
1225 3302 1367 3353 sodalitates

299 3388 356 3439 lieri
367 3396 472 3452 propter
484 3389 669 3452 voluptatem».
681 3415 712 3427 -
724 3390 814 3441 lierito
827 3389 904 3440 Balio
921 3390 1080 3453 obsequutus
1090 3396 1132 3440 est
1143 3390 1258 3441 Baitems
1269 3390 1367 3440 delenti

297 3477 401 3535 si,inter
412 3490 487 3541 epona
498 3484 525 3527 et
536 3478 639 3527 ludicro.
647 3477 748 3541 -stu
762 3478 858 3541 begam
870 3490 927 3528 cnm
941 3478 1055 3528 llalmicr
1070 3478 1165 3540 «Saepe
1178 3478 1282 3528 evenire
1294 3477 1365 3529 vide·

298 3576 356 3615 mus
365 3584 388 3627 ι,
407 3565 474 3627 quod
498 3565 560 3614 milri
578 3565 655 3615 etiarn
676 3565 702 3614 in
714 3573 827 3618 mentem
839 3573 952 3617 venerat.
966 3566 1082 3616 Baiterus
1097 3564 1217 3629 scripsit:
1231 3586 1242 3609 ι
1255 3577 1323 3628 saepc
1334 3567 1367 3627 1-

295 3652 364 3701 euim
377 3651 492 3701 videmus
502 3672 520 3695 ·.
531 3652 663 3702 -Lector
674 3651 748 3703 tacite
760 3651 900 3714 supplebit,
913 3659 971 3715 post
982 3652 1107 3715 impediri,
1122 3670 1133 3695 ι
1143 3652 1267 3702 rationem
1275 3650 1366 3701 amici·

298 3740 338 3791 tite
347 3760 371 3801 r,
389 3753 467 3803 quum
478 3739 546 3802 legat
559 3740 633 3803 paulo
644 3740 709 3791 inira
725 3741 933 3792 «iustitutionem
944 3740 1062 3791 amicitiae
1072 3756 1098 3801 »3
1111 3741 1181 3804 prius
1192 3742 1278 3805 ltaque
1289 3741 1367 3793 cmit-

297 3836 358 3879 iam.

326 3912 391 3974 iiiii,
403 3915 417 3980 ᾖ
429 3919 469 3966 71.
481 3916 791 3980 (imisitliaiter.,auctore
799 3919 846 3969 Tlr.
856 3918 982 3979 Bentleio‚
990 3918 1123 3975 dici,inter
1134 3919 1219 3968 omnic
1230 3926 1256 3969 et
1268 3919 1365 3978 hausta,

296 4003 364 4067 quod
376 4003 485 4067 iladvig.
498 4004 647 4055 secluserat.
661 4032 691 4041 -
703 4005 822 4055 omittam
836 4008 921 4070 poietoe
933 4012 990 4069 post
1003 4006 1159 4070 trcnqoiiloe;
1171 4008 1234 4058 satis
1245 4014 1306 4057 sunt
1317 4007 1365 4057 trin

296 4091 409 4154 epitheta
420 4092 447 4142 iu
457 4094 590 4155 asyndetc.
610 4095 728 4144 Fortasse
748 4093 845 4143 Tullius
857 4093 990 4163 substituit
1002 4094 1072 4156 prius
1085 4095 1232 4158 posteriori,
1246 4109 1278 4147 ne
1289 4108 1366 4146 aures

298 4180 401 4231 laederet
411 4180 444 4230 cb
457 4180 566 4231 similem
579 4182 792 4244 terminationem,
806 4182 874 4245 qood
887 4180 1057 4245 neglexerunt
1069 4182 1175 4235 librarii.
