3325 5159
305 573 356 631 112
532 571 574 630 un
587 583 772 629 nrvruurroun
785 572 820 641 ll,
835 582 986 642 nix-nxru,
1002 571 1128 630 tal-tdl.

299 724 354 760 eene
369 709 439 772 lpsos
454 709 531 775 igitur
549 722 684 761 censemus
701 709 881 760 dormientium
899 709 998 760 animos
1015 709 1041 759 in
1056 708 1208 760 somniando
1220 706 1352 760 moredi-

300 811 362 848 seu:
375 817 387 842 r
401 798 488 849 Utrum
500 799 577 862 igitur
589 811 725 849 censemus
735 799 760 849 d.
778 811 801 847 a.
821 812 866 861 per
881 803 958 847 semet
977 798 1047 862 ipsos
1064 798 1090 848 iu
1109 811 1130 849 s.
1150 811 1183 848 m.
1197 815 1213 843 a
1223 825 1256 834 -
1268 797 1355 848 Μυκη·

300 895 357 950 post
369 900 408 935 rr.
424 900 473 937 nac
485 889 638 938 seditionem
648 909 660 932 u
673 888 807 938 dolendum
821 877 878 938 ess'e
891 888 988 938 monuit
999 888 1025 937 G.
1039 887 1067 938 F.
1081 885 1122 937 W.
1135 886 1247 947 ltiiller„
1263 887 1318 951 quia
1331 887 1354 936 b.

301 977 316 1026 l.
329 978 440 1028 abundat
451 985 478 1028 et
488 986 616 1041 sumptum
630 979 730 1029 ridetur
741 992 772 1028 ex
787 990 862 1028 versu
873 977 1008 1040 superiori.

331 1065 391 1121 llll.
405 1066 417 1128 ξ
430 1065 484 1117 lat.
497 1067 560 1116 Vera
573 1067 633 1116 mibi
647 1067 747 1116 ridetur
758 1066 884 1117 eorrectio
896 1066 1007 1116 Sobntaii
1018 1066 1137 1128 legentis,
1149 1078 1197 1129 pro
1211 1086 1222 1110 ι
1234 1070 1357 1116 totuenoo·

302 1164 340 1205 tes
349 1174 373 1216 a,
387 1159 443 1204 «tot
456 1163 544 1206 noctes
555 1179 576 1217 ·‚
589 1169 663 1219 quam
676 1156 790 1206 Baiterus
801 1156 903 1206 admisit
914 1156 940 1206 ln
952 1157 994 1206 ed.
1009 1156 1075 1219 lips.
1088 1154 1160 1206 (iuni.
1174 1155 1188 1219 5
1200 1154 1356 1206 ltu-ile·

301 1248 350 1298 rilo
361 1254 482 1311 sequutus
493 1260 533 1297 est
544 1247 668 1297 Christius
679 1247 804 1297 Muretum
816 1248 960 1309 legentem:
974 1266 986 1290 ι
997 1247 1132 1296 domuimus
1134 1280 1227 1297 .........
1245 1237 1295 1310 qua
1309 1258 1356 1297 non

298 1340 447 1388 tumulemus
454 1358 477 1401 a,
490 1351 564 1402 quam
576 1338 713 1403 legitimam
725 1338 921 1396 correctionem.
933 1350 948 1387 a
959 1337 1070 1388 Munatio
1081 1344 1108 1388 et
1119 1336 1244 1388 Lambino
1255 1335 1357 1388 adsum·

299 1427 633 1491 ntam‚0relliussine1usta
646 1440 721 1477 causa
734 1427 911 1490 repudiaverat
923 1426 1023 1478 edendo
1034 1427 1194 1483 somniamus,
1201 1432 1260 1490 post
1270 1430 1355 1485 metet,

299 1526 325 1567 et
335 1517 496 1574 dormiamus,
509 1523 565 1580 post
579 1539 588 1560 ι
602 1530 650 1581 qua
662 1531 712 1567 non
727 1535 748 1563 u.
762 1545 788 1553 -
805 1517 982 1567 Verumtamen
994 1529 1023 1566 ea
1042 1516 1168 1567 sententia
1204 1537 1215 1560 ι
1229 1516 1278 1568 Tot
1296 1529 1358 1567 noo·

300 1614 339 1657 tes
342 1643 389 1655 .....
402 1605 530 1657 eradere?
542 1625 555 1652 u
566 1607 650 1657 alieno
664 1606 719 1658 loco
730 1606 813 1670 posita
824 1606 1000 1669 exemplorum
1011 1605 1105 1656 seriem
1117 1604 1212 1668 turbat,
1222 1610 1250 1655 et
1261 1604 1358 1656 videtur

301 1696 474 1748 transferenda
487 1696 560 1761 paulo
572 1695 637 1747 intra
648 1702 707 1747 ante
720 1695 813 1747 rerba:
827 1716 838 1740 ι
852 1696 919 1760 quod
936 1696 958 1745 si
974 1695 1068 1746 ceteris
1084 1694 1254 1757 temporibus,
1272 1701 1324 1745 eto.
1336 1714 1357 1751 ι,

301 1784 345 1835 ubi
356 1785 467 1848 scriotor
484 1786 516 1836 de
534 1785 639 1835 somniis
657 1785 717 1849 agit.
742 1785 783 1835 Sic
802 1798 852 1835 uon
871 1796 936 1847 opus
952 1783 1048 1834 lacnnae
1067 1782 1168 1848 signum
1185 1794 1283 1845 nouere
1301 1789 1358 1833 ante

303 1895 312 1915 ι
324 1874 385 1935 Quis
397 1875 548 1935 ostentm»,
561 1880 589 1924 nt
599 1873 658 1924 lecit
669 1874 802 1925 Christius.
815 1901 844 1910 —
857 1873 869 1936 l
882 1872 935 1923 tra.
948 1872 1031 1923 Malim
1042 1871 1146 1935 legere:
1161 1871 1221 1921 ‹Au
1235 1871 1293 1921 sine
1305 1883 1359 1920 me·

300 1964 367 2020 dieo,
380 1970 431 2013 eto.
445 1983 468 2024 n,
483 1976 527 2026 pro
541 1963 607 2026 vulg.
621 1981 634 2006 r
647 1971 674 2013 et
685 1964 706 2014 si
719 1964 774 2013 siue
787 1977 819 2013 m.
837 1983 857 2010 n.
878 1962 1003 2013 Cbrlslius
1014 1968 1040 2012 et
1058 1960 1150 2012 Baiter.
1170 1960 1316 2012 scrlbuut«
1334 1964 1357 2009 et

301 2052 357 2101 siue
369 2064 402 2101 m.
418 2072 438 2098 ι,

332 2140 382 2200 LX,
395 2140 407 2201 5
419 2139 472 2189 lul.
492 2139 609 2190 Fortasse
622 2141 774 2202 legendum:
789 2161 798 2183 ι
812 2140 858 2190 sed
876 2140 929 2190 lraeo
948 2140 1033 2204 utique
1048 2138 1074 2188 iu
1091 2145 1208 2202 promptu
1228 2136 1325 2189 luerint
1338 2157 1358 2194 ι,

302 2241 346 2290 pro
359 2241 462 2293 quoque,
475 2229 543 2291 quod
555 2235 700 2291 suspectum
713 2236 761 2285 est,
773 2235 798 2278 et
813 2228 905 2292 legitur
917 2227 990 2291 paulo
1002 2226 1209 2292 supracumloeo.
1219 2254 1250 2263 -
1258 2225 1360 2277 lieleam

301 2335 313 2360 r
328 2331 358 2366 er
373 2316 478 2366 somniis
492 2336 514 2375 a,
527 2323 629 2367 arrotore
642 2317 750 2367 Darisio.
1171 2377 1175 2382 ¹

233 2471 234 2474 Ἴ
301 2380 306 2393 ’
332 2403 404 2461 Lllll.
419 2402 432 2467 ᾖ
446 2403 498 2453 128.
518 2403 639 2467 Exempla
652 2404 744 2454 desunt
754 2403 859 2454 ablativi
869 2418 899 2454 eu
921 2403 999 2454 rerbo
1018 2404 1127 2453 insistere
1146 2402 1293 2466 pendentis,
1313 2416 1360 2454 neo

302 2493 382 2555 ulaoet
393 2506 529 2556 numquam
539 2500 598 2542 ante
611 2492 769 2556 participium
781 2493 904 2550 latialem,
917 2505 992 2557 quum
1006 2492 1130 2543 releuatur
1139 2491 1171 2542 ad
1187 2492 1295 2543 uerbum
1305 2498 1360 2556 put·

300 2583 335 2628 eet
344 2600 352 2636 ,·
361 2580 445 2644 itaque
457 2578 592 2642 legendum
603 2592 661 2629 esse
672 2579 777 2643 opinor:
791 2580 930 2630 allaturam
942 2586 1026 2630 autom
1038 2593 1094 2630 eam
1106 2579 1174 2640 dieo,
1182 2579 1208 2629 iu
1220 2593 1296 2643 quom
1308 2579 1360 2630 ani-

302 2681 358 2719 mus
369 2669 489 2719 insistens
500 2670 638 2733 agitatione
649 2676 676 2720 et
687 2676 756 2720 motu
769 2682 827 2720 esse
841 2682 935 2720 naeuus
946 2683 994 2719 uou
1006 2676 1091 2733 potest
1103 2687 1125 2716 tt.

334 2759 417 2822 lxiii,
430 2760 442 2822 §
456 2759 509 2809 129.
527 2759 627 2809 Malim:
642 2780 652 2803 ι
667 2759 740 2810 Venit
751 2773 808 2822 erqo
819 2759 870 2809 iam
881 2760 906 2809 in
919 2759 1108 2811 contentionem
1121 2741 1145 2821 u,'
1158 2771 1204 2822 pro
1215 2759 1293 2821 emm,
1306 2771 1360 2823 qua

301 2848 422 2911 particula
434 2848 474 2897 bio
486 2848 573 2897 sensui
585 2847 667 2899 obest.
680 2877 711 2884 -
723 2848 816 2911 legam
827 2860 887 2898 eum
898 2848 986 2899 toaob.
999 2847 1141 2899 camerario
1155 2850 1357 2899 oiroumourmre.

301 2965 332 2973 -
343 2937 459 3001 Plerique
471 2937 574 2989 codices
585 2937 681 2988 babent
691 2938 791 3002 aliquod
812 2951 858 2989 seu
871 2938 973 3001 aliquot,
986 2950 1033 2989 sen
1044 2938 1147 3003 aliquos,
1160 2937 1230 2988 uude
1249 2938 1360 2990 editores

301 3024 440 3075 lecerunt«
455 3032 594 3076 stertentes
607 3025 705 3089 aliquos
720 3041 748 3087 »3
761 3025 851 3089 optimi
864 3039 925 3078 uero
936 3027 1012 3077 dant:
1027 3046 1037 3069 ι
1051 3030 1203 3077 stertentem
1214 3025 1326 3091 aliquem
1339 3044 1360 3085 ι,

301 3127 375 3178 quam
388 3114 523 3165 lectionem
532 3114 781 3179 praetulitcbristius‚
790 3115 834 3179 qni
846 3120 930 3166 tamen
943 3115 1053 3166 serravit
1061 3113 1126 3178 plur.
1134 3114 1172 3174 its,
1181 3114 1228 3174 titt,
1238 3115 1357 3174 exterriti,

300 3204 428 3266 deferunt.-
441 3204 559 3267 equidem
572 3203 686 3255 omittam
699 3203 791 3253 rerba:
806 3211 853 3254 «et
864 3217 921 3254 oum
933 3210 1081 3254 stertentem
1093 3202 1203 3268 aliquem
1211 3202 1324 3255 ridet-lut
1336 3223 1357 3264 ι,

301 3304 357 3356 quae
366 3292 505 3343 abundant.

332 3378 414 3441 lxlv,
429 3379 506 3442 5132.
526 3380 618 3443 Lemm
630 3394 688 3430 uum
700 3381 838 3431 Lambino:
854 3403 863 3425 ι
879 3382 917 3431 llll
929 3394 999 3443 roro,
1008 3380 1165 3431 uimisetianr
1175 3381 1302 3433 obscurus
1308 3381 1358 3432 Eu·

300 3468 408 3530 phorion
424 3482 452 3527 ·;
471 3481 585 3519 seucum
600 3470 713 3521 barisio:
728 3470 910 3531 «immaturo,
926 3478 976 3521 etc.
993 3492 1013 3517 ι.
1035 3470 1121 3521 Lectio
1139 3471 1239 3534 vulgata
1257 3471 1300 3521 ille
1310 3471 1358 3521 ab·

300 3559 375 3608 surda
388 3566 436 3608 est.
449 3557 505 3621 -5
520 3558 571 3609 133.
585 3559 683 3622 Sequor
694 3559 843 3610 Lambiuum
855 3561 1015 3611 omittentem
1022 3560 1110 3622 dicere,
1124 3566 1181 3622 post
1191 3559 1307 3610 maleum.

333 3646 402 3697 Lllll.
416 3646 485 3710 §134
512 3647 537 3696 ln
551 3647 674 3711 principio
686 3643 705 3710 §¹
725 3661 816 3712 ponam
828 3649 986 3700 membrum:
1001 3670 1011 3693 ι
1026 3649 1072 3699 Est
1084 3648 1133 3699 boo
1144 3649 1171 3698 in
1181 3648 1314 3714 Chrysippi
1326 3649 1358 3698 ll·

301 3737 348 3786 bro
360 3735 484 3785 somnium
499 3750 526 3794 ις
544 3736 586 3800 qui
600 3736 670 3786 locus
687 3737 771 3798 aptior
790 3737 900 3799 videtur,
919 3750 992 3802 quam
1012 3736 1079 3786 inter
1097 3736 1245 3787 cubicularia
1263 3745 1289 3788 et
1306 3751 1358 3787 rer-

299 3825 394 3890 pontiti.

332 3914 414 3977 lxvi,
428 3916 505 3978 5135.
526 3916 619 3979 begam
631 3930 687 3966 curn
701 3917 801 3967 Herelio
815 3939 825 3960 «
840 3918 928 3983 quippe
939 3933 997 3968 oum
1009 3921 1160 3974 Ptolemaeus
1175 3944 1229 3968 »—
1241 3924 1358 3978 Fortasse

302 4002 454 4066 legendum:
470 4025 479 4047 ι
494 4005 578 4055 emisit
590 4005 672 4055 atatim
684 4005 736 4070 qrri.
750 4013 799 4056 etc.
812 4027 832 4055 ι.

334 4091 426 4153 bllllll,
440 4091 518 4153 5137.
536 4092 654 4144 omittam
667 4107 721 4144 roo
735 4094 874 4157 immittam,
890 4105 946 4159 post
959 4120 969 4142 ι
984 4099 1051 4150 unde
1068 4098 1206 4163 protectam
1221 4122 1241 4149 ι.
1256 4130 1287 4140 -
1298 4103 1358 4155 Sus·

302 4181 372 4243 nioor
381 4179 536 4243 legendum:
551 4182 610 4232 «Ex
623 4195 664 4245 eo,
676 4183 776 4247 inquiet,
789 4185 857 4247 quod
869 4184 950 4237 tuerat
960 4207 980 4246 ι,
993 4188 1048 4237 soil.
1063 4189 1230 4244 democritus,
1243 4191 1265 4241 si
1278 4193 1359 4243 iuter·

300 4275 413 4332 rogetur.
426 4297 455 4306 -
468 4270 592 4320 curisrius
603 4279 692 4322 oeuset
704 4272 877 4323 transferenda
891 4288 947 4325 esse
961 4276 1053 4326 verba:
1073 4299 1083 4321 α
1099 4278 1171 4341 plena
1188 4287 1249 4330 sunl
1268 4281 1359 4344 imagl-

300 4374 360 4414 num
373 4359 487 4421 omnia»,
502 4369 559 4423 post
567 4362 774 4427 permundatum·
787 4377 836 4427 ego
849 4377 908 4415 tero
921 4365 1069 4416 transieram
1083 4368 1167 4431 notius
1178 4368 1269 4420 colon:
1285 4391 1294 4412 ·
1310 4370 1357 4420 iste
