3325 5159
300 578 335 631 il
523 573 563 628 itu
578 585 691 629 rruvsus
705 582 842 628 uououuu
857 570 903 638 lV,
920 582 1030 638 viv-xvir,
1047 570 1075 623 ‘tl
1086 570 1141 626 -35,

332 711 372 770 tii,
386 710 451 774 §ab
472 710 565 771 Legam
585 721 642 757 cum
663 707 781 767 Baitero,
801 719 833 755 ex
846 706 904 755 cod.
921 707 954 764 B,
969 706 1102 756 «omnium
1113 706 1285 769 insipientiam
1302 727 1321 755 ».
1334 735 1362 743 -

298 800 416 848 omittam
428 811 485 848 cum
497 797 624 853 Manutio,
637 796 752 856 Davisio,
766 794 900 851 Ernestio,
913 806 1010 844 comma
1026 811 1032 842 ε
1056 816 1065 838 κ
1080 795 1181 844 nomina
1194 808 1279 844 rerum
1295 809 1362 846 com·

300 894 439 936 mutantem
449 900 477 944 ις
497 886 564 935 unde
576 884 657 934 oritur
669 894 738 933 mera
751 882 899 944 tautologia,
913 889 940 931 ut
952 882 1045 932 latetur
1057 882 1210 945 Madvigius,
1223 883 1267 945 qui
1279 890 1362 932 tamen

299 973 436 1023 lectionem
450 974 576 1036 vulgatam
596 977 687 1021 tuetur.
710 970 755 1018 llic
766 981 891 1032 agnoscas
910 969 986 1019 etiam
1005 970 1085 1031 ipsius
1097 969 1171 1019 Tullii
1185 983 1303 1030 manum,
1322 971 1363 1034 qui

300 1062 407 1113 fortasse
415 1063 451 1112 sic
460 1060 685 1124 priusscripserat,
693 1058 786 1108 deinde
795 1057 1314 1121 periodiconclusionemmutavit.—§22.
1322 1060 1363 1107 lli-

300 1165 347 1201 nus
360 1152 496 1213 religiosus
507 1149 556 1198 luit
566 1147 706 1210 Madvigius
717 1147 743 1195 iu
756 1160 787 1196 eo
798 1146 954 1209 glossemate
968 1162 974 1194 :
996 1167 1006 1189 a
1020 1147 1052 1197 de
1064 1146 1127 1208 ipsis
1138 1145 1217 1197 rebus
1228 1147 1293 1197 nibil
1307 1161 1362 1197 mu-

299 1246 367 1288 tetur
381 1258 391 1279 »
411 1237 480 1299 quod
491 1236 585 1300 legitur
604 1235 628 1283 in
647 1233 776 1297 plerisque
790 1234 923 1284 codicibus
941 1242 998 1296 post
1010 1234 1104 1283 rerba:
1126 1254 1136 1277 «
1150 1234 1176 1282 iu
1187 1246 1219 1285 eo
1231 1234 1295 1284 nihil
1308 1248 1363 1285 mo-

300 1334 373 1375 vetur
388 1340 415 1385 »3
428 1324 490 1374 illud
503 1325 606 1374 omniuo
618 1322 730 1379 sustulit,
743 1322 901 1385 obsequente
910 1322 1010 1372 Baitero
1019 1337 1026 1382 3
1036 1321 1089 1384 iam
1098 1322 1241 1373 secluserat
1247 1322 1363 1374 Orellius.

301 1413 416 1462 Baiterus
427 1411 522 1467 edidit,
534 1419 639 1460 auctore
652 1410 677 1457 Ρ.
692 1410 784 1470 Fabio,
797 1414 901 1459 novetur
915 1423 960 1472 pro
972 1410 1048 1460 codd.
1063 1410 1109 1459 nli
1122 1409 1363 1467 lectionemooetur.

299 1501 407 1566 423.
423 1501 538 1551 Alienum
558 1513 572 1549 a
591 1499 721 1549 Ciceronis
740 1506 826 1548 mente
843 1498 905 1547 mibi
933 1500 1033 1549 ridetur
1052 1500 1175 1550 incisum:
1198 1500 1364 1563 usi'probari

300 1598 386 1653 posset
400 1611 428 1647 ι,
441 1590 508 1653 quod
521 1589 639 1645 debetur,
652 1588 751 1651 opinor,
765 1588 855 1639 lectori
867 1588 967 1638 cuidam
980 1602 1031 1638 uon
1043 1589 1129 1639 Stoico
1140 1588 1328 1640 dubitationem
1338 1590 1363 1642 iu

301 1680 413 1743 margine
432 1677 539 1728 notanti.
562 1678 623 1727 (iod.
643 1677 660 1726 B
679 1675 757 1725 babet
770 1676 865 1739 possit,
887 1678 955 1741 quod
974 1677 1095 1727 convenit
1112 1677 1204 1727 melius
1221 1677 1414 1750 adnotamus„

300 1780 374 1829 qmm
387 1767 514 1829 scriptori.
527 1792 557 1800 -
569 1765 649 1827 Magis
661 1763 744 1826 placet
754 1763 934 1826 inhumanitas,
947 1776 1021 1827 quam
1033 1764 1178 1813 immunitos
1190 1775 1236 1814 seu
1247 1755 1377 1813 bmnitms

331 1852 361 1913 x,
386 1853 398 1914 5
416 1852 456 1902 24.
476 1852 596 1912 Suspicor
614 1850 770 1914 legendum:
800 1851 899 1898 «nimis
921 1850 1016 1900 occulto
1034 1850 1096 1900 mihi
1115 1856 1252 1901 occurrent
1265 1870 1294 1911 n,
1320 1864 1363 1912 pro

302 1946 411 1995 «miuus
423 1945 501 1994 multa
516 1965 544 2004 ι,
563 1944 631 2007 qnod
651 1955 738 2005 pavum
757 1942 890 2003 eleganter
903 1951 991 2005 sonat,
1011 1957 1058 1993 nec
1079 1942 1144 1993 bene
1165 1956 1219 1993 voc.
1230 1944 1363 2007 populor-io

301 2033 449 2094 respondet.

329 2120 372 2182 ill,
385 2121 397 2183 ς
408 2118 447 2169 27.
465 2120 510 2169 Vix
524 2128 609 2181 putem
620 2119 729 2168 Tullium
742 2121 892 2182 scripsisse:
907 2141 917 2162 a
931 2128 1112 2184 appeteret
1126 2134 1264 2185 earumque
1277 2133 1362 2170 rerum

299 2209 439 2260 custodiam
450 2229 472 2269 »,
484 2208 552 2271 quod
562 2208 614 2268 jam
624 2208 735 2258 Manutio
742 2209 907 2271 displicuerat
919 2209 1014 2273 legenti
1029 2231 1038 2252 a
1050 2224 1201 2274 suorumque
1210 2229 1232 2259 ι.
1244 2210 1364 2273 Suspicor

300 2297 452 2360 legendum:
468 2316 477 2338 ι
491 2301 679 2359 ceterorumque
692 2310 776 2346 rerum
789 2298 944 2347 concordiam
958 2318 978 2344 ».
991 2325 1022 2333 —
1035 2298 1047 2359 ξ
1059 2297 1099 2347 28.
1112 2298 1209 2355 Autem,
1221 2296 1291 2346 iuter
1303 2296 1364 2345 alicu

300 2392 326 2434 et
338 2385 420 2434 ummo
431 2424 437 2441 ,
450 2384 512 2433 mibi
524 2384 638 2446 spurium
651 2384 759 2435 videtur.
1315 2387 1319 2408 '

330 2471 383 2532 illl,
393 2472 450 2533 530.
460 2471 544 2521 Malim
552 2472 752 2522 cumbambino:
764 2485 853 2536 «reque
861 2473 969 2522 iucunda
980 2474 1028 2523 vita
1036 2492 1047 2519 o
1055 2485 1199 2535 proraeque
1207 2473 1258 2522 vita
1266 2473 1362 2523 inc.»-

300 2560 407 2611 Codices
419 2559 514 2609 babent
527 2576 534 2608 :
549 2580 558 2602 r
573 2560 631 2623 qnia
644 2567 799 2610 momentum
812 2560 914 2622 aliquod
932 2560 1023 2610 babeat
1041 2561 1073 2611 ad
1087 2561 1222 2612 iucundam
1234 2564 1363 2614 accessio·

300 2661 357 2696 nem
372 2668 381 2689 ι
395 2661 442 2697 sen
460 2647 514 2696 «ad
527 2648 664 2697 iucundum
676 2647 850 2697 accessionem
864 2662 894 2707 »3
911 2647 1047 2698 Lambinus
1058 2649 1184 2698 correxit:
1206 2669 1216 2692 ι
1230 2650 1263 2699 ad
1275 2650 1363 2700 incuu-

298 2735 358 2784 dum
369 2735 485 2784 accessio
498 2754 509 2777 ι
520 2771 528 2795 ,
539 2747 614 2796 qtram
627 2736 814 2785 correctionem
825 2735 940 2785 editores
955 2736 1121 2786 admiserunt.
1141 2736 1266 2800 Equidem
1281 2737 1323 2787 bis
1338 2738 1362 2786 in

300 2837 370 2873 vocc.
383 2824 509 2887 glossema
522 2824 592 2872 vocis
604 2828 757 2872 momentum
769 2824 853 2880 video,
866 2824 934 2873 unde
945 2825 1119 2885 accusativum
1132 2825 1154 2874 si
1165 2824 1236 2887 legas
1248 2827 1362 2884 ucoessio,

300 2913 327 2962 lit
339 2913 483 2975 subjectum
497 2911 568 2961 verbi
581 2912 681 2970 labent,
699 2912 828 2976 quodiam
842 2919 926 2962 exstat
937 2912 963 2962 in
976 2926 1047 2962 voco.
1068 2934 1078 2954 ι
1094 2913 1143 2962 vita
1159 2920 1298 2963 menstrua.
1310 2932 1321 2955 n
1334 2940 1363 2949 -

300 3000 438 3049 Lambinus
456 3008 482 3049 et
500 2999 641 3062 Madvigius
658 3008 765 3050 censent
780 3001 916 3063 legendum
937 3013 995 3051 esse
1015 2994 1132 3058 tollatur,
1150 3007 1207 3062 pust
1224 3012 1296 3050 voce.
1315 3001 1363 3049 uita

300 3089 380 3137 beato.
392 3088 467 3139 Vere.
480 3116 509 3123 -
522 3089 536 3153 ᾗ
547 3088 587 3138 at.
602 3088 731 3138 Reutleius
743 3090 784 3152 (ad
796 3090 871 3138 Tusc.
886 3089 929 3150 lll,
947 3088 967 3150 l)
982 3096 1052 3149 putat
1064 3087 1200 3151 legendnm
1213 3100 1271 3138 esse
1285 3109 1295 3131 «
1308 3102 1364 3152 pro-

300 3178 370 3226 nitate
388 3176 561 3226 mcmbrcrum
576 3198 602 3237 ι,
622 3190 668 3239 pro
680 3176 813 3239 pravitate,
834 3188 909 3239 quarn
922 3176 1105 3226 correctionem
1121 3175 1225 3227 admisit
1238 3176 1363 3226 Baiterus.

300 3264 433 3326 ingeniosa
451 3271 536 3321 certe,
555 3265 602 3314 sed
622 3276 673 3313 uon
691 3262 835 3311 necessaria
851 3262 979 3312 correctio
997 3270 1053 3322 est;
1073 3263 1180 3325 proditos
1191 3262 1260 3312 enim
1273 3262 1364 3313 melius

298 3351 418 3400 convenit
428 3363 486 3400 cum
499 3350 578 3401 verbo
591 3351 661 3399 leuet.
673 3377 704 3385 -
716 3348 852 3410 omittam,
874 3356 931 3411 post
944 3350 1021 3399 verba
1040 3368 1053 3394 u
1066 3350 1168 3413 capitali
1179 3350 1327 3401 adversario
1340 3372 1362 3409 ι,

300 3450 354 3486 voc.
369 3438 463 3500 dolore,
475 3438 543 3501 quod
555 3437 672 3487 sebolion
684 3438 758 3499 sapit.

250 3528 258 3541 '
330 3526 393 3589 lllll,
411 3526 478 3591 532.
501 3525 655 3578 Vocabulum
668 3525 877 3575 obscurationibus
891 3540 940 3577 uou
954 3527 1055 3590 scripsit
1065 3527 1170 3587 Tullius,
1183 3528 1303 3592 qnoniam
1314 3529 1363 3577 ad-

298 3614 363 3663 didit
375 3615 442 3677 iprr's,
458 3620 515 3676 post
526 3614 578 3663 istis
592 3613 660 3676 quod
674 3612 784 3664 refertur
802 3615 834 3665 ad
848 3616 918 3677 prius
929 3616 991 3674 istm
1010 3618 1178 3667 omittendum
1190 3625 1243 3677 est,
1263 3624 1317 3666 tum
1328 3618 1362 3668 ob

298 3696 367 3761 ἅπαξ
382 3697 434 3768 lep.
452 3705 505 3746 tum
517 3695 551 3746 ob
563 3697 677 3757 ineptum
689 3708 801 3747 sensum.
814 3724 846 3735 -
858 3698 994 3750 ilbuudnre
1010 3701 1072 3749 mibi
1087 3700 1188 3751 videtur
1205 3702 1285 3759 enim,
1305 3708 1363 3762 post

299 3796 381 3831 nemo.
394 3808 421 3817 -
437 3785 501 3830 Ante
516 3792 570 3829 voc.
580 3779 660 3839 nudo,
673 3780 788 3831 Baiterus
799 3782 871 3832 addit
883 3783 987 3834 verbum
999 3787 1043 3843 cst,
1057 3784 1125 3846 quod
1140 3783 1183 3833 alii
1196 3790 1294 3846 ponunt
1305 3791 1363 3847 post

298 3870 366 3919 idem
379 3882 433 3919 voc.
443 3869 484 3918 Sic
493 3868 584 3918 melius
595 3868 709 3919 cernitur
720 3882 799 3932 quare
809 3871 950 3922 evanuitex
960 3872 1036 3921 codd.
1044 3899 1073 3907 -
1082 3871 1140 3933 §33-
1153 3871 1246 3934 Optimi
1259 3871 1363 3922 codices

299 3957 433 4007 habenta
454 3963 483 4007 ut
495 3956 579 4006 simile
590 3958 622 4006 sit
635 3958 747 4006 omnium
766 3959 882 4009 naturale
900 3960 964 4010 illud
981 3960 1096 4009 ultimum
1111 3973 1141 4021 »3
1160 3959 1217 4009 cod.
1227 3958 1324 4023 sigonii
1336 3967 1363 4008 et

298 4044 433 4094 Leidensis
444 4045 506 4095 dant
516 4048 675 4106 naturarum,
688 4046 755 4109 quod
767 4046 904 4097 admittunt
916 4047 1030 4096 editores
1041 4046 1213 4106 recentiores;
1227 4046 1290 4096 mibi
1302 4060 1363 4097 vero

298 4131 364 4181 istud
377 4132 581 4194 supplementum
596 4147 646 4183 non
660 4133 759 4184 videtur
770 4134 952 4194 necessarium,
966 4134 1086 4197 quoniam
1097 4140 1188 4196 sponte
1201 4134 1362 4197 intelligitur.

299 4220 422 4270 -Facile
442 4221 518 4271 etiarn
535 4222 629 4272 carebo
648 4222 688 4270 illa
706 4222 886 4272 conclusione:
909 4221 987 4271 «Tale
1004 4222 1073 4272 euim
1091 4222 1170 4271 visum
1188 4230 1227 4272 est
1245 4222 1361 4273 ultimum

298 4307 440 4357 Stoicorum
452 4329 472 4372 »‚
482 4309 507 4357 iu
516 4322 563 4371 qua
572 4310 727 4360 dissentiunt
735 4317 787 4359 tum
796 4310 899 4359 codices
911 4316 964 4358 tum
975 4310 1137 4360 editores-
1146 4310 1157 4370 ξ
1165 4310 1204 4360 35.
1217 4309 1323 4373 Legitur
1336 4310 1362 4359 ln
