3325 5159
480 1093 548 1202 rn
582 1094 649 1203 n.
683 1096 737 1203 r.
771 1095 1124 1205 moinonis

324 1408 595 1542 LIBROS
653 1411 1273 1547 lllllttsttllllltts

575 1750 744 1837 costr
772 1707 1015 1839 csrrrcffi

359 2428 668 2496 lotbrmlddiidli
696 2429 874 2499 PRIORUM
900 2432 1015 2498 LIBER
1043 2432 1248 2501 SECUNDUS

297 2782 316 2844 l,
329 2783 341 2845 5
352 2782 376 2831 2.
394 2782 441 2831 Vix
457 2783 550 2833 deesse
571 2789 655 2845 potest
672 2784 818 2846 praepositio
837 2784 865 2833 in
882 2792 942 2834 ante
955 2797 1012 2834 voc.
1024 2798 1094 2848 poce,
1107 2791 1133 2835 et
1145 2784 1219 2834 facile
1233 2785 1336 2835 nomine
1360 2829 1366 2849 ,

267 2870 327 2920 Asia
338 2871 443 2922 carebo.
573 2929 576 2935 ¹

298 2959 340 3020 ill,
353 2960 400 3021 57.
419 2960 545 3009 Lacunam
557 2959 709 3021 explendam
723 2971 781 3009 esse
795 2960 907 3009 Halmius
918 2967 1008 3010 censet
1019 2960 1140 3024 legendo,
1154 2968 1182 3010 ut
1194 2961 1206 3022 5
1217 2962 1233 3011 8
1246 2976 1252 3009 :
1267 2978 1279 3005 n
1293 2962 1337 3025 qui

266 3061 293 3095 sc
311 3048 372 3097 scire
388 3048 552 3110 arbitrantur,
565 3048 652 3098 dicere
665 3059 721 3112 quae
733 3047 861 3107 videntur,
877 3055 927 3097 etc.
944 3068 954 3088 ι
968 3047 1030 3097 Mihi
1047 3048 1072 3097 in
1085 3053 1198 3097 mentem
1212 3056 1316 3098 venerat
1329 3065 1335 3096 ε

268 3153 281 3180 a
295 3136 338 3199 qui
356 3148 384 3185 se
403 3136 470 3186 scire
488 3137 646 3200 profitentur.
661 3155 674 3181 »
694 3134 765 3187 coni.
785 3137 796 3198 5
817 3136 899 3186 liad.
913 3134 999 3185 linem.
1012 3164 1043 3171 -
1061 3137 1072 3198 5
1090 3137 1115 3186 8.
1132 3136 1231 3199 begere
1245 3135 1335 3186 velim:

268 3237 350 3288 squae
360 3226 382 3275 si
394 3226 468 3289 sequi
480 3223 565 3287 iacile,
578 3224 713 3275 adlirmare
726 3225 766 3274 vix
779 3237 916 3287 possumus
930 3238 959 3283 »3
980 3224 1002 3273 si
1021 3224 1089 3274 enim
1106 3224 1180 3274 abest
1198 3225 1228 3283 si,
1245 3224 1338 3275 deesse

267 3312 368 3362 videtur
380 3316 464 3362 cutem
475 3319 533 3374 post
545 3312 688 3375 adfirmare.
702 3339 732 3348 —
744 3312 756 3374 5
767 3312 792 3361 9.
807 3312 902 3361 Locum
915 3311 1045 3363 dliiicilem
1058 3312 1197 3374 planiorem
1207 3311 1338 3362 fieriexis-

268 3401 340 3462 timo,
355 3400 388 3462 si,
401 3400 496 3451 omisso
509 3400 588 3451 verbo
599 3403 742 3464 potuerunt,
754 3400 842 3462 addas
857 3400 990 3464 allegitur
1007 3401 1034 3449 in
1046 3400 1143 3463 sigonii
1155 3400 1260 3459 codice,
1275 3419 1286 3444 ιι
1299 3401 1337 3449 sic

267 3487 380 3538 iudicare
393 3508 406 3534 n
419 3495 476 3552 post
496 3502 552 3538 voc.
572 3489 699 3539 sententiis
713 3504 720 3537 :
738 3507 751 3533 «
765 3489 815 3539 Sed
827 3495 855 3539 ut
868 3489 998 3552 potuerint
1009 3490 1128 3539 omnibus
1140 3489 1219 3539 rebus
1234 3489 1337 3551 auditis,
1418 3535 1421 3540 .

267 3576 378 3639 cognitis
394 3577 471 3627 etiam
488 3576 644 3640 reliquorum
663 3578 801 3627 sententiis
818 3577 855 3627 sic
875 3577 998 3639 indicare,
1015 3578 1192 3628 iudicaverunt
1208 3585 1293 3628 autem
1312 3589 1339 3625 re

266 3664 346 3713 semel
358 3664 444 3714 andita
455 3670 532 3729 atque
545 3665 577 3714 ad
590 3665 665 3714 unius
677 3676 705 3713 se
718 3664 897 3714 anctoritatem
909 3664 1102 3717 contulerunt.»
1205 3659 1208 3665 ’

298 3753 339 3815 iv,
352 3754 364 3815 5
379 3755 415 3804 ill.
434 3755 554 3813 incisum,
568 3773 580 3797 α
593 3754 679 3803 sinon
692 3753 787 3803 fuerint
801 3774 824 3813 a,
837 3754 863 3802 ln
876 3767 927 3817 quo
940 3753 1038 3803 variant
1050 3754 1153 3803 codices
1170 3761 1196 3802 ct
1207 3753 1276 3816 qnod
1289 3765 1339 3801 ex-

268 3840 388 3903 plendum
400 3854 464 3892 voce
477 3856 534 3890 ocra
546 3841 670 3891 censebat
682 3840 808 3900 DavisiuS,
820 3841 930 3891 alienam
941 3854 1044 3891 manum
1052 3840 1161 3903 redolet,
1174 3852 1232 3889 nam
1244 3839 1340 3903 dialogi

269 3943 377 3980 acumen
390 3930 518 3981 obtundit.

297 4020 326 4078 V,
340 4020 352 4081 5
364 4020 403 4069 13.
420 4021 548 4070 commata
569 4040 579 4062 α
600 4030 628 4070 ut
648 4020 765 4071 videmus
779 4042 806 4081 a,
829 4042 839 4062 ι
855 4028 882 4069 ιιι
894 4019 1055 4083 suspicantur
1071 4040 1092 4075 a,
1109 4017 1337 4079 interpretamenta

268 4114 328 4156 sunt
345 4119 360 4155 e
378 4107 491 4169 margine
503 4106 529 4155 in
543 4113 641 4157 textum
659 4106 728 4157 illata
744 4106 924 4157 adverbiorum
941 4105 1026 4169 palam
1038 4112 1064 4154 et
1076 4104 1216 4167 obscurius,
1228 4104 1338 4167 ideoque

267 4193 377 4243 Grutero
389 4201 508 4257 suspecta
520 4194 553 4243 ab
564 4195 663 4245 ilalmio
675 4196 773 4245 inclusa
785 4200 854 4245 sunt.
867 4222 898 4233 -·
909 4195 921 4256 5
934 4193 972 4243 15.
986 4192 1076 4242 lierito
1089 4205 1165 4243 voces
1179 4214 1188 4236 s
1203 4192 1339 4255 perlectis·

266 4281 356 4331 simam
368 4282 528 4344 disciplinam
542 4304 552 4326 ι
573 4282 696 4333 lambino
713 4284 797 4334 dubiae
810 4272 1033 4346 videbantn1·,qni
1046 4282 1184 4344 legendnm
1197 4294 1256 4331 esse
1273 4294 1338 4331 cen-
