3325 5159
536 579 579 636 lla
593 578 765 650 omousii,
785 589 903 650 xit-xvi,
918 577 1016 635 lli-56.
1042 586 1044 590 ·
1259 572 1310 636 139

246 716 353 767 «iniusti
366 716 528 767 habebuntur
540 737 561 765 ».
575 744 605 752 -
616 716 630 781 ᾗ
642 717 681 767 to,
696 715 795 765 hialimz
810 722 875 765 «aut
887 714 1055 766 interficietur
1067 722 1111 765 aut
1121 715 1277 780 relinquetur
1288 736 1309 764 ι.

243 834 276 842 -
286 807 397 858 seclusit
409 807 525 857 balterus
537 820 626 857 vocem
639 807 709 865 latro,
724 813 781 867 post
793 805 902 869 Illyrius,
917 819 967 856 uon
980 805 1036 855 sine
1048 816 1132 855 causa.

277 896 329 959 llll,
341 896 356 961 5
367 897 406 947 ta.
425 896 573 959 Legendum
592 909 650 946 esse
668 896 780 959 opinor:
798 914 811 941 u
824 895 905 959 Quom
924 895 1044 958 praeclare
1061 895 1190 951 Socrates,
1210 902 1258 944 etc.
1286 914 1308 957 »,

243 998 290 1048 pro
302 985 369 1049 vulg.
384 999 549 1050 quamquam,
561 985 680 1048 quoniam
692 985 758 1034 nulla
771 986 940 1049 oppositionis
951 998 997 1036 seu
1010 983 1193 1035 moderationis
1208 984 1309 1046 species

241 1074 311 1123 iuter
322 1074 387 1123 hanc
399 1082 425 1123 et
438 1074 548 1137 priorem
559 1075 712 1124 sententiam
725 1082 840 1137 apparet.
855 1075 941 1137 ltaque
954 1074 1037 1138 legam
1056 1074 1165 1125 subinde
1179 1089 1186 1122 ι
1207 1093 1218 1117 ι
1232 1087 1309 1138 quare

241 1163 320 1227 siqui
331 1163 502 1225 simulatione,
517 1172 567 1214 eto.
583 1185 604 1226 ι,
618 1178 663 1228 pro
676 1163 743 1227 vulg.
759 1187 769 1208 ι
784 1165 881 1228 quodsi
893 1165 947 1228 qui,
960 1172 1011 1215 etc.
1027 1186 1047 1212 ».

275 1251 339 1310 Xlll,
352 1253 364 1315 ξ
376 1254 414 1302 to.
428 1253 567 1315 Operarum
576 1252 637 1303 uitio
645 1253 759 1316 legitur«
769 1267 875 1315 quoram
883 1260 967 1302 autem
979 1273 1001 1315 r,
1011 1266 1056 1315 pro
1067 1274 1076 1295 ι
1086 1267 1190 1317 quorum
1198 1259 1308 1303 autem».

240 1368 274 1376 -
284 1341 393 1390 Seclusit
403 1353 461 1390 cum
473 1342 580 1401 Graevio,
594 1342 716 1403 probante
728 1341 865 1405 Madvigio,
879 1342 994 1392 Baiterus
1008 1356 1062 1392 roc.
1076 1342 1158 1401 alteri,
1172 1350 1229 1405 post
1241 1342 1307 1400 oloe‚·

240 1442 299 1492 quae
309 1429 471 1492 interpolatio
484 1444 544 1480 vero
556 1430 673 1480 similiter
684 1430 793 1481 debetur
806 1432 929 1481 vocabulo
942 1432 1021 1481 altero
1029 1432 1168 1495 superioris
1176 1431 1309 1482 sententiae

240 1518 310 1567 inter
323 1531 411 1568 versus
422 1519 518 1582 scripto
530 1526 557 1570 et
569 1532 702 1582 perperam
716 1520 807 1583 posito.
821 1526 916 1571 mutata
930 1521 1118 1571 terminatione.
1127 1546 1159 1558 -
1170 1520 1184 1585 ᾗ
1196 1522 1235 1571 tt.
1248 1519 1309 1570 lul-

242 1607 303 1658 lium
315 1609 449 1671 scripsisse
461 1610 596 1672 suspicor:
612 1631 622 1652 ι
636 1611 688 1659 lom
708 1609 736 1658 L.
757 1610 860 1673 quidem
879 1611 1021 1672 Crassus»,
1041 1624 1086 1674 pro
1106 1611 1172 1673 vulg.
1193 1610 1265 1659 Noua.
1277 1638 1308 1648 -

208 1770 210 1772 ι
241 1699 408 1749 annotemus
425 1699 469 1761 (ad
483 1699 560 1749 hutil.
574 1714 599 1762 p.
612 1699 673 1763 108)
693 1699 802 1748 incisum
825 1720 836 1742 «
850 1706 878 1748 ut
896 1699 929 1749 de
949 1699 1119 1749 Demosthene
1137 1699 1306 1762 accepimns»

241 1790 445 1840 transferendum
458 1803 515 1840 esse
527 1791 625 1840 monuit
636 1790 704 1840 inter
716 1790 792 1840 verba
808 1812 816 1833 ·
832 1802 862 1839 ea
874 1797 947 1840 aetate
963 1811 972 1832 ι
986 1798 1012 1840 et
1026 1812 1036 1833 «
1051 1790 1078 1839 t.
1097 1791 1202 1840 Crassus
1218 1796 1309 1841 osteu-

239 1879 279 1929 dit
292 1893 320 1940 »3
332 1880 451 1943 equidem
463 1879 547 1929 malim
560 1880 678 1930 omittere
691 1880 768 1929 verba
783 1901 793 1923 «
808 1892 839 1929 ea
850 1887 925 1931 aetate
941 1900 961 1939 ι,
980 1880 1073 1943 quibus
1091 1879 1164 1930 facile
1182 1879 1307 1930 sententia

240 1970 297 2020 sine
310 1970 402 2020 damno
413 1983 502 2020 carere
515 1977 608 2033 potest,
621 1969 739 2034 quoniam
754 1969 847 2033 legitur
858 1982 934 2032 supra
949 1988 961 2013 u
975 1982 1023 2032 qua
1036 1977 1109 2019 aetate
1122 1987 1144 2017 n.

271 2059 334 2117 XlV,
347 2060 359 2121 5
370 2059 409 2108 48.
427 2059 564 2122 Utrumque
577 2057 684 2108 tortasse
696 2059 792 2108 Tollius
805 2059 860 2121 ipse
872 2058 1027 2121 scripserat:
1043 2058 1207 2121 «militesque
1216 2056 1308 2109 blando

238 2161 360 2199 sermone
371 2148 500 2199 deleuiaut
514 2168 524 2191 ι
538 2160 604 2197 seu:
625 2162 684 2197 am.
706 2148 796 2197 blande
814 2147 965 2210 appellando
983 2146 1113 2197 deleuiant
1127 2167 1149 2209 r,
1166 2146 1212 2197 sed
1230 2146 1307 2197 alter-

241 2245 327 2288 utrum
340 2237 496 2302 eligendum,
509 2238 576 2301 quod
590 2238 651 2287 lecit
663 2238 755 2289 Baiter.
768 2238 811 2300 qui
824 2238 952 2299 posterius
964 2236 1053 2287 edidit.
1066 2262 1097 2274 -
1109 2235 1192 2286 Malim
1205 2236 1307 2299 legere:

243 2350 253 2371 ι
267 2341 323 2377 eam
333 2340 401 2390 saepe
413 2328 557 2377 universam
570 2327 664 2377 excitat
678 2348 699 2374 ι.
713 2354 744 2363 -
756 2325 852 2388 Opiuor
863 2326 1028 2376 inserendum
1045 2338 1104 2375 esse
1123 2338 1196 2387 prou.
1215 2339 1249 2384 re,
1269 2325 1309 2375 uel

239 2423 300 2467 ante
313 2416 352 2467 tel
366 2424 423 2480 post
433 2416 578 2479 lotelllqere,
591 2414 722 2479 quodiam
734 2415 841 2465 Garuius
855 2415 961 2472 uiderat,
973 2417 1131 2478 repugnante
1143 2414 1165 2463 l.
1175 2414 1198 2463 l.
1207 2415 1309 2466 ilottin-

240 2519 311 2570 gem.
326 2506 426 2556 Etenim
438 2505 503 2556 dixit
513 2505 611 2555 Tullius
623 2505 737 2556 oratioue
749 2506 938 2556 multitudinem
951 2505 1095 2555 universam
1107 2504 1227 2566 excitari;
1235 2514 1309 2569 post·

239 2610 316 2663 qnam
329 2609 390 2647 uero
402 2596 554 2660 significarit
565 2596 669 2658 copiose
681 2596 861 2660 sapienterque
873 2595 983 2646 dicentis
994 2594 1197 2657 admirationem,
1216 2595 1288 2646 addit
1301 2610 1307 2642 :

241 2699 343 2750 «quern
362 2686 406 2750 qui
424 2686 530 2736 andiunt
548 2685 692 2748 intelligere
711 2686 797 2743 etiam,
818 2692 869 2734 etc.
884 2704 905 2730 ι.
927 2683 991 2744 Quid
1011 2693 1096 2733 autem
1115 2684 1307 2734 admirationem

239 2783 336 2834 movet,
349 2776 398 2825 uisi
410 2775 564 2838 eloquentia,
577 2775 675 2826 scilicet
686 2789 728 2826 ars
746 2776 849 2838 copiose
866 2775 1045 2839 sapienterque
1063 2773 1185 2825 dicendi?
1200 2787 1306 2825 necesse

240 2871 280 2915 est
291 2865 370 2929 igitur
381 2877 471 2915 noram
484 2864 613 2914 notionem
625 2864 746 2929 adjungi3
759 2878 814 2927 qum
827 2864 897 2915 notio
909 2865 976 2914 inest
987 2864 1012 2913 iu
1025 2863 1144 2927 opinione
1153 2876 1227 2926 quam
1235 2863 1307 2914 exci-

240 2954 312 3017 piunt
323 2954 454 3004 auditores
465 2966 493 3003 se
505 2953 538 3002 ab
550 2960 651 3005 oratore
663 2953 784 3004 illustrari
796 2961 823 3003 et
835 2954 948 3013 edoceri,
961 2954 1018 3016 plus
1033 2966 1108 3017 quam
1124 2954 1166 3016 qui
1183 2966 1241 3003 eum
1256 2967 1306 3004 nou

238 3043 344 3094 audiunt
354 3057 361 3103 ;
373 3042 473 3092 facilius
485 3050 569 3092 autem
582 3055 696 3105 opponas
707 3043 837 3092 auditores
850 3043 881 3091 iis
893 3043 936 3106 qui
954 3056 1005 3092 nou
1023 3042 1137 3101 audiunt,
1156 3054 1231 3105 quam
1249 3054 1307 3092 ora-

240 3138 323 3183 torem
335 3132 430 3181 ceteris
438 3130 592 3181 bominibus.

270 3221 322 3283 XV,
335 3222 347 3283 t
358 3220 397 3270 53.
417 3221 483 3269 Bake
497 3220 635 3284 (linemos
649 3220 689 3277 tx,
704 3235 729 3283 p.
742 3220 805 3284 206)
818 3221 926 3271 delenda
939 3233 997 3271 esse
1009 3228 1097 3271 censet
1108 3221 1186 3271 verba
1198 3222 1263 3286 quod
1281 3229 1308 3272 et

239 3310 308 3368 dicit,
321 3309 347 3358 in
359 3308 502 3359 sententia:
518 3310 605 3372 «quod
619 3309 781 3372 largitionem
793 3309 964 3372 corruptelam
977 3309 1042 3359 dixit
1053 3321 1110 3359 esse
1120 3327 1143 3359 ».
1156 3309 1264 3360 silibet.
1278 3337 1308 3346 -

238 3398 302 3461 §bh
315 3397 434 3447 Omlttam
448 3410 501 3447 voc.
517 3398 593 3455 honis,
609 3406 664 3460 post
676 3398 772 3456 alienia,
786 3406 813 3448 ut
832 3398 890 3448 cod.
913 3399 987 3448 Bern.
1008 3410 1032 3459 a,
1051 3405 1078 3450 et
1092 3398 1144 3462 jam
1163 3398 1306 3459 Manutius3

238 3486 334 3537 etenim
347 3484 427 3547 maior
440 3493 480 3536 est
493 3485 531 3535 vis
543 3499 600 3535 roc.
613 3487 700 3535 alicula
711 3486 767 3536 sine
779 3487 947 3537 substantivo.

270 3574 332 3637 xvi,
345 3574 410 3639 556.
429 3574 517 3625 Alieno
531 3588 634 3636 prorsus
646 3575 702 3625 loco
714 3576 808 3639 legitur
819 3577 946 3626 sententia
957 3591 963 3623 :
980 3575 1151 3626 «Mihiautcm
1159 3575 1202 3626 ille
1210 3574 1308 3626 tructus

237 3664 407 3726 liberalitatis
421 3666 494 3715 cuius
506 3678 583 3727 pauca
596 3665 712 3727 exempla
725 3666 807 3727 posui,
822 3665 901 3716 multo
914 3674 940 3716 et
952 3665 1276 3716 maiorrideturetcertior
1285 3683 1306 3712 r.

238 3754 341 3805 Etenim
356 3754 451 3804 Tullius
468 3754 637 3817 Theophrasti
654 3754 798 3810 sententiaa,
818 3768 869 3804 non
889 3767 970 3816 suam,
990 3756 1035 3805 sed
1056 3754 1182 3804 Aristonis
1199 3753 1243 3803 Cei
1261 3767 1307 3817 op·

239 3844 325 3907 ponit;
338 3844 489 3906 legitimum,
501 3844 601 3906 opinor,
616 3842 699 3893 locum
710 3842 839 3892 obtinebit
850 3843 924 3892 Tullii
943 3844 1079 3901 sententia,
1099 3843 1122 3893 si
1139 3841 1213 3904 paulo
1232 3842 1306 3905 inira,

237 3935 301 3999 557,
316 3940 372 3996 post
384 3934 460 3983 rerba
473 3949 479 3981 :
492 3933 616 3998 «probari
629 3946 704 3996 posse
717 3932 787 3983 nullo
800 3932 909 3995 modo»,
923 3934 1032 3996 legatur,
1046 3933 1090 3982 ubi
1102 3933 1170 3982 bene
1182 3933 1307 3995 quasub-

233 4024 359 4086 jiciuntur
371 4042 383 4066 α
397 4024 552 4087 Quamquam
564 4023 692 4086 intelligo,
704 4029 776 4072 etc.»
798 4029 974 4084 praeparat-
990 4021 1109 4071 Omittarrr
1131 4022 1207 4071 rerba
1222 4022 1308 4071 auditu

238 4122 264 4164 et
277 4113 356 4170 nohis,
369 4125 424 4175 quae
436 4112 462 4161 in
474 4112 571 4175 aliquot
582 4113 656 4162 codd.
671 4113 773 4174 desunt,
786 4119 812 4161 et
824 4111 915 4161 abesse
931 4118 1045 4173 possunt,
1061 4119 1086 4160 ut
1096 4111 1147 4175 jam
1156 4118 1310 4162 monuerunt

237 4201 398 4253 recentiores
410 4202 501 4251 critici.
515 4227 547 4238 -
559 4202 685 4252 Lacunam
698 4201 819 4251 iudicauit
830 4200 923 4260 hund,
935 4200 1003 4250 inter
1015 4200 1093 4250 verba
1112 4221 1122 4243 ι
1137 4200 1308 4264 exiguumque

236 4300 337 4355 tempus
351 4311 361 4334 »
375 4298 401 4341 et
424 4303 529 4353 reaque
548 4302 561 4339 a
582 4290 712 4340 levissimo
730 4302 832 4355 quoque
846 4303 876 4351 »3
895 4289 1000 4339 Beierus
1018 4290 1162 4353 suspicatur
1180 4288 1307 4340 excidisse

238 4382 368 4445 coptatur,·
379 4380 499 4445 equidem
510 4381 601 4444 opinor
612 4380 720 4432 incisum
734 4401 744 4422 ι
759 4392 840 4444 eaque
852 4393 866 4430 a
880 4379 929 4431 lev.
949 4393 974 4443 q.
991 4398 1001 4422 ι
1020 4380 1104 4432 alieno
1124 4380 1180 4431 loco
1197 4377 1307 4442 positum
