3325 5159
419 576 654 634 Tuscunaunnuu
670 589 912 647 nrsrumrronuu,
928 578 1132 649 V‚xx1·xxvrr,
1147 580 1242 637 etna.
1331 580 1364 635 ii

330 712 397 770 xxi,
417 714 481 776 56¹.
499 714 583 771 idem,
601 721 705 764 anctore
721 713 863 777 Seyfferto,
882 715 988 765 seclusit
1007 729 1065 765 voc.
1085 730 1155 781 opes,
1176 724 1234 779 post
1254 717 1366 779 tcopias

297 802 357 852 eins
371 816 401 862 ις
417 802 476 865 quia
495 802 669 851 membrorum
687 802 887 852 concinnitatem
907 802 1034 853 turbabat.
1048 830 1077 841 -
1090 803 1150 854 Voc.
1163 805 1214 855 cito
1232 804 1258 854 b.
1271 804 1287 854 Ι.
1302 804 1366 854 mibi

296 889 409 940 aiicnum
427 890 537 951 videtur,
549 897 576 939 et
587 889 687 953 legam:
708 911 718 933 ι
734 898 759 940 te
777 889 831 939 baec
843 891 877 941 ita
889 891 1047 953 delectant»,
1064 899 1091 942 et
1108 905 1165 941 cnm
1178 892 1303 953 Ernestio,
1321 904 1367 941 sc-

296 980 410 1029 cundum
422 980 533 1041 optimos
543 979 619 1029 codd.
632 979 731 1037 codem,
745 993 790 1041 pro
801 994 866 1028 cam.

331 1067 412 1129 xxti,
425 1066 489 1130 563.
507 1068 591 1117 iiaiim
605 1080 663 1117 cum
677 1067 791 1118 Bentleio
808 1068 915 1131 tegere:
935 1090 945 1112 ι
959 1075 986 1119 et
1001 1081 1015 1118 a
1034 1082 1114 1131 puero
1129 1069 1228 1119 artibus
1247 1069 1367 1132 ingenuis

297 1155 400 1205 erudito
415 1175 441 1216 ι,
457 1154 526 1219 qnod
537 1155 642 1205 auribus
654 1155 736 1218 magis
747 1155 840 1218 ptacet.
853 1181 884 1194 ·-
896 1156 1041 1206 accusativi
1055 1156 1099 1220 qui
1114 1156 1224 1207 subinde
1236 1156 1367 1219 teguntur,

294 1244 495 1308 perstudiosum,
513 1248 612 1307 poetam
631 1245 768 1307 tropicum,
788 1245 865 1295 Bakio
878 1244 986 1308 aliisque
1000 1246 1113 1308 suspecti
1132 1246 1225 1296 merito
1238 1246 1365 1302 videntur,

297 1343 346 1380 nec
365 1328 439 1380 facile
457 1331 613 1381 sententiam
630 1329 764 1392 coniicias,
789 1344 873 1395 neque
898 1329 1057 1383 ἀνακόλουθον
1077 1344 1216 1395 supponas.
1244 1330 1366 1381 Errorcm

296 1414 411 1465 librariis
422 1415 532 1465 tribuam
545 1416 716 1480 potiusquam
728 1417 777 1480 ipsi
788 1418 919 1480 scriptori,
932 1426 959 1467 et
970 1417 1054 1481 iegam
1065 1430 1124 1467 cnm
1136 1416 1251 1466 Bentleio
1264 1430 1271 1463 ι
1290 1437 1300 1459 «
1315 1416 1367 1465 iin-

295 1504 409 1554 sicornm
422 1516 482 1554 nevo
495 1504 666 1566 perstudiose,
680 1512 762 1568 poetae
773 1505 852 1555 etiam
863 1506 961 1568 tragico
976 1518 1002 1565 »;
1018 1504 1066 1555 sed
1080 1516 1180 1555 servem
1193 1504 1365 1554 accusativum

298 1592 325 1642 in
337 1592 446 1643 formula
465 1615 475 1636 ·
488 1606 563 1655 quam
576 1591 672 1642 bonum
682 1613 704 1652 a,
722 1593 766 1643 ubi
778 1593 852 1643 iaciie
864 1599 904 1643 est
916 1592 1061 1657 intelligere
1079 1614 1089 1636 ιι
1100 1604 1129 1642 se
1140 1604 1198 1643 esse
1209 1594 1332 1643 censebat
1347 1614 1369 1650 ι,

296 1682 366 1745 quod
378 1681 487 1732 incisum
499 1682 594 1731 ceteris
606 1683 759 1732 accusativis
770 1683 898 1745 originem
910 1683 971 1733 dare
983 1681 1074 1746 potnit.

329 1772 421 1833 xxttt,
439 1772 509 1835 565.
527 1773 679 1835 Suspectum
691 1780 732 1823 est
744 1773 820 1823 Baitio
842 1786 898 1823 voc.
910 1773 995 1834 mciii,
1014 1780 1072 1836 post
1090 1772 1222 1822 «immissi
1241 1785 1298 1822 cum
1318 1771 1367 1821 iai-

297 1860 411 1920 cibus»;
432 1860 538 1923 conjicit
555 1861 646 1920 simun
673 1861 792 1925 equidem
811 1861 898 1911 malim
916 1859 1021 1923 famuli,
1046 1860 1120 1923 cuius
1139 1874 1195 1912 voc.
1214 1861 1315 1911 initium
1333 1860 1367 1912 ob

298 1949 447 2012 praecedens
456 1948 562 2011 falcibus
574 1950 698 2000 omissum
710 1950 767 2002 init.

329 2037 415 2099 xxiv,
433 2037 445 2099 5
464 2038 504 2088 68.
529 2037 623 2100 Optimi
641 2038 717 2089 codd.
737 2039 849 2102 addunt,
870 2047 928 2102 post
946 2039 1054 2091 incisum
1072 2061 1082 2082 ι
1097 2039 1307 2103 fugiendarumve
1326 2053 1366 2091 re-

299 2139 357 2175 rnm
370 2145 399 2187 ι,
417 2125 493 2175 verba
512 2139 543 2174 nc
562 2126 672 2188 mocodi,
690 2139 746 2190 quae
766 2127 901 2190 plerosque
920 2128 1035 2179 editores
1052 2126 1174 2192 fugerunt
1191 2126 1230 2177 vei
1250 2128 1366 2191 neglecta

298 2221 368 2264 sunt.
386 2213 569 2277 Wesenberg,
589 2215 632 2265 cui
645 2215 784 2266 obsecutus
795 2222 837 2265 cst
848 2216 956 2276 Baiter,
970 2217 1030 2267 inde
1042 2214 1128 2266 effecit
1141 2232 1148 2264 ι
1165 2234 1179 2261 v
1192 2216 1256 2266 etin
1269 2216 1367 2267 ratione

300 2302 402 2352 vivendi
415 2316 443 2362 »ς
460 2301 490 2351 0.
503 2302 603 2352 ticine:
621 2324 633 2347 ι
646 2312 753 2367 arteque
772 2303 840 2354 bene
858 2304 962 2355 vivendi
978 2319 1006 2364 »ς
1023 2313 1160 2368 utrumqne
1179 2304 1319 2368 probabiie.
1338 2331 1369 2340 -

299 2389 366 2455 569.
383 2390 479 2452 sipost
495 2408 508 2434 v
520 2399 547 2440 nt
559 2404 637 2453 qurum
652 2412 678 2448 ·,
695 2392 766 2455 tegas
778 2392 843 2455 quir,
860 2400 919 2443 ante
933 2392 1010 2441 verbu
1029 2413 1039 2435 ι
1055 2393 1133 2443 totius
1145 2392 1233 2443 mundi
1242 2427 1291 2441 .....
1305 2405 1367 2454 per-

299 2478 414 2540 spexerit
426 2496 456 2539 n,
474 2478 598 2528 reddetur
613 2478 722 2528 orationi
738 2477 807 2541 justa
820 2478 914 2537 forma,
932 2492 978 2528 nec
992 2492 1057 2541 opus
1074 2478 1124 2528 crit
1136 2478 1284 2541 excogitare
1302 2479 1367 2529 ἀνα-

298 2570 410 2624 κόλουθον
426 2572 494 2635 quod
514 2571 619 2622 lectoris
637 2580 749 2622 mentem
769 2579 880 2636 toupuet.
906 2556 1005 2622 Bentlei
1023 2571 1127 2622 delebat
1145 2575 1186 2629 ut,
1208 2570 1367 2633 improbante

299 2656 390 2718 Baitio,
409 2656 453 2719 qui
471 2657 605 2719 abruptam
623 2658 787 2719 sententiam,
804 2657 871 2721 570,
891 2657 973 2707 «iiaec
986 2658 1122 2718 tractanti,
1136 2663 1212 2707 etc·
1231 2656 1367 2706 instaurari

298 2754 326 2795 ct
340 2746 438 2796 absoivi
455 2754 554 2796 censet.

330 2834 405 2897 XXV,
422 2835 436 2899 5
447 2836 488 2886 70.
505 2835 622 2885 Alienum
634 2835 769 2897 scriptoris
780 2836 861 2886 menti
874 2835 980 2885 verbum
999 2816 1136 2897 imitandis
1145 2843 1201 2898 post
1214 2834 1367 2891 eternitatis,

299 2922 363 2973 mibi
376 2923 492 2982 videtur;
511 2922 551 2971 vix
564 2922 633 2972 enim
647 2930 733 2984 potem
745 2923 896 2973 Ciceronem
914 2923 940 2971 iu
959 2923 1044 2972 animo
1061 2922 1181 2974 habuisse
1199 2923 1368 2973 aeternitatem

299 3023 358 3062 esse
376 3011 540 3072 imitandam;
558 3011 619 3060 nibii
636 3023 700 3074 opus
716 3010 824 3061 verbum
843 3011 949 3061 addere.
961 3037 992 3048 —
1004 3012 1016 3073 5
1027 3010 1066 3060 72.
1085 3011 1163 3059 Prava
1181 3010 1257 3060 icrtio
1273 3016 1367 3067 cernue,

299 3113 346 3162 pro
357 3112 407 3163 qua
419 3100 556 3163 legendnm
568 3113 626 3149 esse
637 3099 728 3162 opinor
739 3104 818 3149 seruet
829 3114 876 3149 seu
890 3103 981 3161 teneat,
994 3112 1081 3149 ansam
1094 3099 1166 3150 dedit
1177 3099 1369 3162 interpolationi

300 3187 374 3238 verbi
391 3188 511 3237 contineri
528 3194 588 3238 ante
608 3200 630 3236 v.
647 3186 793 3250 prudentio,
811 3188 879 3251 quod
896 3186 1034 3237 delendum
1053 3186 1168 3237 viderant
1184 3186 1323 3237 Lambinus
1340 3194 1367 3236 ct

300 3276 419 3326 Oreiiius.
428 3276 616 3338 -Snspectum
630 3276 731 3326 videtur
741 3275 793 3339 adj.
806 3276 898 3335 doctic,·
911 3275 1026 3326 nonuniii
1037 3275 1113 3327 codd.
1126 3276 1222 3326 addunt
1234 3290 1265 3331 o,-
1278 3275 1324 3324 bac
1341 3275 1367 3325 in

299 3376 328 3413 rc
342 3372 426 3413 tamen
438 3364 513 3413 nullae
524 3372 583 3413 suut
594 3364 729 3413 doctorum
742 3372 841 3426 partes;
858 3364 910 3428 iegi
922 3364 1003 3427 possit
1014 3365 1091 3415 nobis.
1140 3416 1142 3421 ,

331 3451 422 3512 xxvi,
446 3453 458 3514 5
476 3452 517 3501 tt.
544 3452 676 3502 Praeeunte
695 3451 837 3515 Septimio,
861 3453 967 3503 seclusit
984 3453 1100 3503 Baiterus
1122 3452 1199 3503 verba
1219 3460 1369 3517 ·praecepta

300 3540 468 3589 fortitudinis.
483 3560 496 3584 »

330 3626 430 3685 xxiii,
447 3626 461 3691 5
476 3627 518 3677 76.
535 3628 654 3678 Fortasse
671 3628 713 3678 bic
729 3629 838 3691 geminae
858 3628 974 3690 eiusdem
991 3631 1126 3679 sententiar
1141 3629 1335 3680 enunciationes
1352 3641 1367 3677 a

297 3713 409 3764 librariis
426 3715 558 3777 permixtae
577 3722 657 3765 sunt:
675 3716 792 3778 suspicor
808 3716 917 3766 Tniiinm
938 3717 1008 3779 prius
1026 3717 1182 3780 scripsisse:
1202 3724 1255 3766 «ut
1274 3729 1303 3766 ea
1323 3716 1367 3779 qni

298 3805 406 3866 adeptus
421 3805 468 3863 sit,
485 3817 544 3855 eum
557 3818 608 3854 non
620 3805 724 3855 beatum
736 3805 812 3855 modo
823 3807 870 3856 scd
885 3806 1061 3855 beatissimum
1081 3804 1158 3856 etiam
1177 3804 1324 3862 dixerim»,
1340 3811 1367 3853 ct

298 3892 392 3943 deinde
404 3893 442 3942 sic
453 3893 595 3943 orationem
607 3892 745 3942 mutavisse
758 3908 765 3940 t
784 3912 796 3936 α
810 3906 866 3957 qnae
877 3894 900 3943 si
911 3894 969 3957 quis
988 3894 1096 3956 adeptus
1108 3894 1150 3951 sit,
1168 3906 1214 3943 cur
1229 3906 1287 3942 enm
1304 3891 1366 3942 bea-

299 3987 351 4031 tum
364 3981 441 4032 modo
452 3989 479 4030 et
490 3982 724 4032 nonbeatissimum
736 3981 845 4032 dixerim
854 3981 886 4031 ?·
901 4008 931 4019 -
944 3982 1026 4031 Malim
1038 3982 1143 4045 legere:
1161 3981 1298 4031 «dolorem
1310 3996 1367 4045 erpo

297 4069 400 4130 sapiens
412 4070 566 4119 extimescet
580 4090 607 4126 »‚
621 4083 667 4132 pro
680 4084 754 4125 cero,-
772 4077 799 4119 nt
811 4069 892 4120 inira:
910 4088 923 4114 c
938 4069 996 4119 buic
1009 4069 1088 4133 igitur
1099 4069 1251 4120 succumbet
1263 4071 1366 4121 virtus·

299 4156 354 4205 iam
366 4164 440 4206 antea
459 4157 591 4208 dedoiove
603 4164 688 4207 actum
701 4165 755 4219 cst,
774 4172 823 4207 non
844 4158 884 4207 bic
906 4170 999 4207 novum
1018 4164 1196 4221 argumentum
1216 4158 1324 4208 orditur.
1337 4184 1367 4194 -

299 4246 365 4307 578.
381 4245 462 4294 Verba
481 4267 491 4288 «
505 4246 531 4294 in
546 4246 614 4295 india
628 4266 658 4306 a,
675 4258 731 4308 quae
742 4245 883 4302 abundant,
900 4244 985 4295 iocum
999 4252 1087 4296 tenere
1102 4254 1166 4308 part.
1179 4244 1265 4295 deiude
1278 4245 1368 4296 viden-

301 4339 352 4393 tur,
365 4346 421 4396 quae
434 4333 574 4394 respondet
584 4333 643 4383 adv.
653 4333 773 4396 primum.
786 4333 906 4384 Onrittam
924 4346 989 4393 uero,
1009 4332 1076 4395 quod
1088 4347 1120 4385 ex
1134 4334 1271 4384 mutatione
1284 4340 1368 4383 ortum
