3325 5159
502 572 543 629 lin
558 583 684 631 eruturus
699 572 748 643 lll,
762 585 937 643 uxr-xxrut,
950 574 1071 633 934οϊ
1261 577 1311 635 ttt

252 708 279 760 iu
289 708 347 760 eliis
356 710 433 761 codd.
445 710 512 761 desit
524 717 575 762 eta
587 711 714 775 plerisque
725 711 877 775 editoribus,
891 713 1141 776 preteritorum,
1154 713 1314 775 lambinnm,

252 796 329 849 Solle.
341 800 454 862 Petrum,
465 802 588 852 omissum
599 801 641 851 sit.
655 801 780 865 Equidem
791 802 910 853 existimo
922 803 953 854 ad
965 803 1088 853 orationis
1107 803 1312 867 perspicuitatem

251 890 314 941 satis
325 902 384 940 esse
396 890 421 941 id
433 890 513 942 semel
526 891 679 953 exprimere,
693 890 804 955 legendo
815 897 874 955 post
883 895 1017 943 uteretur:
1037 915 1047 937 ι
1061 893 1083 943 si
1100 906 1132 944 co
1150 893 1217 943 med.
1235 906 1313 945 sante

250 978 333 1031 fectus
344 984 408 1029 caret
420 1000 443 1043 ι,
455 981 582 1045 quoniam,
595 981 618 1030 si
632 981 724 1032 «anuis
734 982 829 1046 uliquot
841 988 899 1045 post
909 982 1025 1033 inciderit
1033 983 1059 1031 in
1067 983 1152 1034 eumd.
1161 983 1279 1033 morbum
1288 1000 1311 1046 r,

251 1076 321 1131 patet
332 1082 391 1120 eum
402 1082 491 1120 sanum
503 1069 595 1120 lactum
606 1069 695 1121 luisse.
711 1071 796 1121 ‘l'eeite
812 1079 936 1135 sequutus
951 1078 991 1123 est
1007 1071 1128 1122 Orellium
1145 1073 1267 1124 Baiterus.
1280 1100 1311 1111 -

252 1156 315 1219 §att
328 1157 434 1220 Scripsit
445 1157 513 1207 idem
524 1166 611 1209 contra
623 1159 709 1220 codd,
721 1159 765 1223 qui
777 1159 871 1210 iubent
879 1161 1028 1223 promisisse,
1042 1162 1189 1213 auctoribus
1201 1162 1312 1213 Wesen-

252 1246 342 1309 bergio
354 1254 380 1296 et
393 1247 503 1297 Halmio:
519 1249 688 1312 «promisisset
696 1248 789 1299 nollem
800 1250 988 1300 ».-llestituit
997 1250 1088 1300 Baiter.
1097 1251 1202 1300 incisum
1217 1263 1312 1315 «quem

252 1336 274 1386 si
285 1337 384 1399 ceperit
397 1356 419 1399 ι,
431 1338 499 1401 quod
510 1337 764 1400 Orelliusvcmiserut,
781 1352 832 1390 nou
849 1339 904 1390 siue
919 1339 1089 1398 dubitatione,
1105 1339 1139 1389 ob
1154 1340 1229 1394 codd.
1246 1352 1312 1391 eon·

252 1439 371 1487 sensuum
383 1427 445 1477 milui
457 1428 559 1492 quidem
573 1441 676 1491 prorsus
687 1429 856 1480 omittendum
869 1430 970 1480 ridetur
976 1429 1010 1479 ol)
1017 1429 1215 1492 comparativum
1222 1430 1313 1484 houm·

253 1516 315 1572 tius.-
328 1517 423 1566 etenim
434 1515 627 1581 Intelligendum
639 1524 679 1568 est
691 1533 698 1567 :
713 1538 723 1561 ι
737 1531 812 1582 quam
824 1518 847 1569 si
858 1518 961 1569 saltaret
975 1536 997 1577 ι,
1013 1519 1082 1582 quod
1099 1518 1221 1581 deinceps
1237 1531 1312 1569 euer-

252 1610 330 1655 retur.
343 1606 445 1657 Hinime
456 1607 591 1657 honestum
603 1606 694 1658 luisset
704 1607 871 1660 hereditatem
884 1620 984 1671 capere,
997 1608 1090 1660 omissa
1102 1608 1258 1659 conditione.

282 1694 380 1759 xxm
395 1696 436 1745 ill.
453 1696 558 1761 legitur
576 1698 601 1747 in
620 1697 771 1761 quibusdam
789 1698 865 1749 codd.
885 1699 995 1757 insonus,
1014 1698 1081 1747 iuter
1100 1697 1176 1748 verbe
1194 1701 1269 1761 utque
1284 1702 1312 1747 et

252 1790 407 1848 ‹uutequrm
418 1786 529 1835 constitit
542 1804 564 1844 2,
577 1787 644 1851 quud
655 1786 807 1850 adlectirum
815 1786 877 1840 milui
888 1787 979 1838 deesse
992 1786 1091 1837 ridetur
1103 1792 1160 1850 post
1172 1788 1274 1851 optauit,
1286 1794 1313 1838 et

249 1873 402 1926 seutenttum
414 1875 528 1926 nonnihil
539 1874 713 1940 imperfectam
725 1884 752 1927 et
762 1882 877 1927 truncam
889 1876 926 1927 sic
938 1877 1096 1939 compleam:
1110 1876 1249 1927 «sublatus
1257 1882 1311 1938 est;

249 1969 328 2027 etque
336 1970 472 2027 antequam
483 1977 583 2014 arnum
594 1964 734 2028 confecerit,
747 1965 806 2030 quio
816 1965 940 2023 constitit,
952 1965 1006 2016 ictu
1012 1965 1125 2015 fulminis
1132 1964 1279 2029 deflagravit
1288 1982 1311 2015 υ.

249 2060 282 2099 .-‘-
292 2051 376 2104 Locus
389 2067 396 2101 z
411 2074 421 2096 a
435 2053 518 2114 Quid?
528 2056 596 2119 quod
608 2055 721 2105 Theseus
723 2090 781 2106 ......
795 2055 820 2105 iu
833 2054 959 2105 maxumis
970 2054 1018 2105 fuit
1032 2054 1168 2106 luctibus·
1184 2053 1236 2117 pm
1252 2052 1313 2105 Vel·

249 2142 371 2205 clsenurii,
385 2142 506 2207 Ernestii,
518 2144 625 2194 eliorum
637 2144 795 2208 suspiciones
807 2145 902 2207 mouit3
916 2145 1015 2196 ridetur
1034 2144 1183 2208 desumptus
1201 2156 1260 2195 esse
1278 2156 1311 2194 ex

249 2233 309 2283 libr.
323 2233 342 2296 l,
355 2234 367 2296 5
379 2232 420 2283 32.
433 2234 560 2286 Baiterum
577 2236 669 2288 merito
688 2234 794 2287 offendit
812 2235 927 2287 locutio:
948 2258 958 2280 ι
973 2242 1027 2286 tres
1043 2236 1189 2298 optationes
1206 2235 1268 2286 dere
1279 2248 1311 2296 n;

249 2322 309 2374 ideo
320 2322 404 2373 lucum
415 2324 529 2375 seclusit.
543 2352 574 2361 -
585 2325 597 2387 5
607 2324 647 2375 96.
661 2324 730 2375 idem
746 2325 847 2388 Ungero
866 2325 1024 2389 obsequntem
1039 2331 1079 2375 est
1094 2325 1136 2375 cui
1154 2325 1240 2387 spuria
1258 2324 1312 2375 nise

249 2419 310 2462 sunt
322 2412 398 2464 verite
412 2427 419 2461 z
433 2434 444 2457 «
458 2416 493 2463 ilc
506 2413 538 2463 de
550 2414 684 2477 prudentia
696 2414 798 2478 quidem
802 2449 874 2464 .......
885 2412 1049 2464 continentie
1060 2419 1086 2463 et
1102 2413 1277 2476 temperantiae
1289 2433 1310 2461 ι.

249 2502 305 2554 Nun
316 2515 377 2554 reru
389 2503 531 2554 adsentitur
541 2503 571 2553 0.
585 2504 666 2554 Heiue
678 2503 782 2567 (Philul.
795 2503 846 2565 xv,
860 2518 885 2567 p.
895 2502 960 2567 ⁷692)
971 2503 1030 2566 quia
1042 2502 1079 2552 sie
1091 2514 1147 2566 quoe
1155 2508 1311 2553 restentuou

248 2590 358 2653 emplius
369 2592 523 2642 conveniunt
534 2605 592 2643 cum
603 2592 676 2643 initio
686 2605 742 2656 cap.
754 2592 863 2643 xxttttt.
877 2592 1000 2657 Equidem
1011 2590 1311 2656 geminaeenuueietiouls

248 2680 357 2745 vestigia
367 2693 479 2747 agnusue
491 2683 517 2731 iu
528 2682 714 2747 sententiaque
726 2683 738 2746 5
748 2682 780 2733 95
791 2682 952 2734 cuncluditur
961 2693 972 2731 ·:
985 2699 998 2727 α
1011 2684 1047 2731 dc
1058 2682 1091 2732 de
1102 2681 1135 2732 ils
1146 2682 1248 2745 quidem
1253 2715 1311 2732 ......

247 2772 312 2822 setis
322 2772 432 2822 urititrcr
443 2772 538 2822 dictum
552 2791 575 2835 »‚
588 2779 615 2823 et
625 2773 651 2822 iu
663 2773 820 2837 principius*
830 2773 864 2824 ild
877 2789 883 2823 :
898 2773 967 2824 «Sed
979 2771 1097 2837 quonlam
1109 2785 1122 2822 a
1134 2779 1242 2835 quatuor
1253 2771 1311 2824 lou·

247 2860 318 2912 tlhus
320 2896 398 2910 ........
412 2859 567 2924 disputatum
579 2868 619 2912 est
632 2879 654 2911 u.
667 2862 787 2925 Suspicor
804 2857 913 2915 Tullium
932 2862 997 2912 hanc
1017 2861 1222 2912 retractationem
1239 2861 1311 2924 prius

247 2950 392 3013 scripsisse,
406 2961 432 3001 et
442 2951 564 3014 deinceps
574 2951 819 3015 argumentationem
832 2951 936 3002 breuius
947 2951 1100 3002 concludere
1116 2950 1243 3001 maluisse.
1262 2951 1310 3002 Se·

248 3036 349 3088 cludam
361 3050 424 3102 ergo
436 3038 513 3089 verite
527 3052 533 3086 ε
549 3059 558 3082 ι
574 3038 622 3089 Sed
635 3038 753 3101 quoniam
756 3073 825 3091 .......
839 3038 993 3102 deputatum
1005 3045 1046 3089 est
1058 3059 1079 3086 ι.
1094 3039 1147 3089 Nou
1159 3051 1310 3103 repugnem,

248 3126 357 3179 simalis
367 3127 444 3176 rerba
456 3135 573 3191 suspecte
585 3128 668 3178 eidem
681 3127 781 3179 erudito
792 3125 926 3191 interpreti
939 3127 1051 3180 tribuere
1063 3128 1095 3178 de
1110 3140 1161 3192 quo
1174 3127 1270 3177 mentio
1282 3126 1311 3178 tt

247 3217 275 3266 in
286 3217 371 3267 adnot.
385 3217 410 3279 55
421 3216 462 3280 28,
475 3216 516 3278 29,
527 3217 578 3266 tt3.

279 3306 364 3370 llllvl,
378 3307 438 3369 597.
458 3305 593 3357 inserendo
606 3306 668 3356 milui
678 3306 784 3370 ridetur,
797 3313 857 3357 aute
870 3305 962 3357 verber
978 3306 1063 3357 «Utile
1070 3306 1205 3357 ridebatur
1211 3306 1277 3357 illini
1285 3325 1308 3370 ι,

247 3397 375 3448 sententia
386 3409 442 3460 quse
453 3396 545 3461 legitur
557 3398 569 3460 5
582 3398 643 3447 ll'lr
657 3397 728 3447 «lam
740 3397 762 3446 si
775 3410 825 3447 uon
838 3397 915 3448 modo
927 3395 1023 3447 utilitus
1025 3431 1094 3446 .......
1107 3409 1164 3447 cum
1176 3397 1309 3447 honestate

249 3486 401 3553 pugnabit».
414 3488 476 3537 Vide
487 3487 546 3538 edo.
559 3488 591 3538 ad
603 3488 630 3538 lr.
643 3488 660 3537 l.
673 3515 703 3525 -
714 3488 796 3538 Verba
808 3488 957 3538 ileumenuo
968 3496 994 3539 et
1007 3488 1029 3538 J.
1043 3488 1077 3537 ll.
1091 3488 1248 3553 ileusiugeru
1261 3499 1309 3539 su-

248 3583 348 3640 spectu:
364 3597 374 3620 ι
384 3583 413 3627 ut
424 3576 515 3639 aliquis
526 3575 633 3627 fortasse
644 3577 739 3628 dixerit
749 3598 771 3639 ·,
784 3584 873 3628 contre
884 3577 988 3628 codices
1001 3583 1027 3628 et
1039 3575 1174 3641 plerosque
1182 3578 1308 3640 editores,

249 3666 340 3717 merito
352 3666 466 3717 Baiterus
477 3666 590 3717 seclusit.
602 3692 633 3701 -
644 3666 658 3731 5
670 3666 711 3717 99.
724 3667 844 3729 Suspicor
855 3667 990 3719 lectionem
1003 3668 1095 3729 fuctum
1106 3674 1188 3717 ortum
1206 3678 1264 3717 esse
1276 3678 1308 3717 ex

248 3756 402 3820 glossemate
413 3753 507 3817 suctum
518 3753 628 3805 numinis
638 3767 707 3813 rem:
720 3754 802 3817 legem
814 3753 912 3817 igitur:
928 3775 938 3798 ι
952 3755 984 3805 ud
1002 3766 1056 3805 rem
1074 3754 1155 3817 (quod
1173 3752 1310 3816 respondet

248 3846 304 3896 roci
312 3844 425 3908 sedulus)
437 3851 574 3908 nostraque
586 3843 669 3907 (quod
676 3843 877 3907 respondetrocl
886 3844 1004 3906 enimn)
1017 3842 1147 3893 ueniamus
1156 3842 1217 3890 ιε·
1227 3841 1308 3891 Omit-

248 3944 298 3989 lam
310 3950 368 3987 cum
381 3936 513 3999 Lambino,
526 3936 631 4000 langiu,
645 3935 796 3996 Feccioleto‚
808 3935 917 3985 incisum
929 3955 937 3977 ι
947 3941 1065 3999 quaeerat
1073 3934 1130 3984 telis
1139 3953 1161 3992 ι,
1170 3932 1237 3997 quud
1247 3930 1309 3982 milti

247 4038 431 4089 supervacuum
444 4032 470 4076 et
481 4025 592 4076 alienum
603 4026 636 4075 eb
648 4037 695 4075 usu
706 4023 820 4075 ‘l'ulllen'o
831 4024 949 4085 ridetur3
966 4036 1015 4074 nec
1031 4024 1097 4073 bene
1116 4022 1233 4086 congruit
1250 4034 1308 4072 eum

246 4115 279 4166 iis
290 4127 346 4179 que
357 4114 422 4165 iulra
433 4116 569 4179 legunturr
583 4114 664 4176 «Quis
674 4115 728 4166 hoec
739 4118 808 4178 crepet
816 4126 874 4165 esse
882 4113 952 4164 utilia
961 4112 994 4161 l»
1005 4113 1073 4177 quod
1081 4112 1165 4162 malim
1174 4125 1219 4175 pro
1226 4114 1307 4175 nepot.

245 4229 278 4241 -
288 4203 398 4254 tullium
410 4204 543 4266 scripsisse
555 4204 671 4267 suspicor
684 4219 691 4252 ε
706 4224 717 4247 ι
730 4202 758 4255 Sl
769 4216 845 4268 quem
857 4214 948 4254 censes
960 4201 1030 4267 (scil.
1043 4202 1097 4252 ineo
1107 4201 1235 4252 dicturum
1250 4211 1308 4251 esse

246 4290 348 4355 utillo),
361 4292 507 4356 magnitudo
518 4298 544 4342 et
556 4291 655 4343 iortuna
663 4299 749 4357 negat.
1194 4358 1197 4364 Ι

252 4398 254 4403 ·
278 4378 412 4447 xlillll,·§
424 4380 479 4434 ldis
493 4381 614 4433 Restituit
631 4395 663 4433 ex
681 4381 756 4433 codd.
776 4380 830 4433 sris
848 4378 954 4432 uerbum
969 4382 1121 4445 perverteret
1138 4378 1268 4440 &iterum
1280 4376 1307 4427 tn
